2567 3750
317 215 549 298 ΜοΝιΑ]
781 229 869 276 FL
876 226 1174 276 ORENCE
1224 225 1321 274 OF
1365 223 1822 273 WORCESTER.
2177 210 2283 284 185

1243 404 1374 460 XII

426 535 811 597 ACERDOS
851 529 1218 601 uenerabilis
1249 530 1578 589 monachus
1603 547 1711 605 per
1737 526 1937 587 omnia
1961 525 2285 599 laudabilis,

502 640 873 706 computator
926 626 1224 700 mirabilis,
1281 626 1448 685 Beda
1500 624 1914 696 sanctissimus,
1965 624 2286 683 secundum

312 725 589 802 Anglicas
632 723 936 783 chronicas
983 741 1141 782 anno
1188 719 1496 798 praesenti,
1547 721 1872 780 secundum
1919 739 2063 780 uero
2117 739 2287 780 suum

250 842 281 900 5
313 821 661 898 discipulum
704 821 1110 890 Cuthbertum,
1143 817 1244 894 qui
1271 818 1395 877 eius
1424 817 1651 877 obitum
1687 816 1994 893 descripsit
2030 836 2288 894 suaeque

311 914 640 974 decessioni
681 934 818 973 cum
845 913 970 972 aliis
1009 932 1186 989 quam
1212 912 1475 989 plurimis
1502 911 1775 982 interfuit,
1818 931 1976 971 anno
2019 913 2288 987 sequenti

309 1020 447 1069 ante
475 1010 881 1069 ascensionem
922 1008 1281 1068 dominicam
1322 1006 1381 1067 iv
1419 1008 1562 1068 feria
1601 1009 1664 1068 id
1704 1017 1794 1067 est
1832 1007 1931 1067 viii
1970 1009 2068 1066 kal
2110 1010 2284 1081 Iunii,

309 1104 464 1163 circa
499 1106 703 1164 horam
739 1125 778 1163 x
814 1104 878 1163 in
920 1122 1136 1178 magna
1166 1102 1381 1162 mentis
1421 1102 1742 1163 deuotione
1779 1113 1838 1162 et
1872 1102 2288 1178 tranquillitate

308 1200 577 1259 ultimum
605 1220 638 1259 e
659 1219 904 1276 corpore
942 1199 1208 1276 spiritum
1237 1197 1458 1258 efflauit
1495 1197 1693 1275 sicque
1721 1200 1982 1274 gaudens
2010 1201 2089 1259 ad
2109 1219 2287 1276 regna

212 1323 282 1359 10
309 1296 585 1356 caelestia
630 1295 916 1374 migrauit.
1015 1295 1112 1354 hic
1160 1314 1299 1354 suae
1345 1294 1534 1371 gentis
1589 1315 1766 1371 quam
1820 1295 2070 1371 plurima
2122 1294 2288 1373 gesta

307 1393 608 1469 hucusque
637 1394 934 1452 luculento
973 1391 1279 1468 descripsit
1307 1411 1593 1466 sermone,
1623 1411 1923 1468 unumque
1950 1392 2285 1470 temporalis

305 1489 462 1548 uitae
490 1490 851 1564 modumque
879 1478 1210 1547 terminauit
1236 1487 1526 1547 historiae.

1209 1709 1372 1766 XIII

434 1841 786 1899 ADATVR
828 1838 1113 1901 sermonis
1155 1837 1273 1900 mei
1310 1837 1614 1899 ueritatem
1663 1840 1841 1914 Beda,
1889 1839 1988 1916 qui
2031 1858 2105 1900 eo
2144 1850 2284 1900 tem-

206 1967 273 2024 15
513 1955 676 2012 pore,
733 1954 854 2011 quo
907 1935 1161 1995 maxime
1218 1934 1572 1995 scaturiebat
1635 1934 1902 1994 litteratis
1967 1934 2280 2008 Britannia,

302 2029 439 2090 huic
488 2027 865 2110 [Chelwulfo]
908 2030 1279 2106 potissimum
1326 2031 1654 2107 Anglorum
1700 2029 2002 2091 historiam
2050 2028 2284 2089 eliman-

302 2126 440 2185 dam
468 2124 698 2196 obtulit,
729 2124 951 2201 eligens
979 2124 1250 2183 nimirum
1283 2124 1346 2183 in
1378 2124 1479 2183 illo
1508 2124 1917 2185 auctoritatem
1943 2127 2096 2186 bene
2125 2126 2284 2185 dicta

298 2217 615 2279 roborandi
661 2230 900 2295 propter
945 2218 1254 2295 imperium
1303 2229 1362 2278 et
1405 2218 1728 2293 scientiam,
1775 2239 2079 2297 perperam
2126 2219 2284 2280 dicta

300 2313 657 2373 emendandi
680 2324 919 2390 propter
942 2313 1257 2390 ingenium.

199 2445 272 2482 20
417 2412 446 2485 ἓ
483 2427 561 2487 54
642 2411 814 2469 Idem
856 2409 1166 2471 historicus
1213 2419 1351 2487 post
1397 2412 1613 2470 multos
1659 2409 1722 2469 in
1777 2421 1980 2470 sancta
2034 2411 2281 2471 ecclesia

299 2505 477 2565 libros
513 2505 842 2566 elaboratos
878 2508 1191 2566 caelestem
1220 2505 1483 2583 patriam,
1515 2526 1693 2582 quam
1732 2507 1832 2566 diu
1872 2506 2277 2584 suspirauerat,

297 2602 587 2679 ingressus
643 2612 746 2677 est,
759 2647 982 2662 .........
989 2602 1080 2661 uir
1125 2622 1303 2679 quem
1350 2603 1542 2662 mirari
1595 2603 1822 2663 facilius
1877 2623 2055 2679 quam
2103 2603 2279 2679 digne

295 2697 633 2775 praedicare
673 2698 880 2776 possis»,
940 2701 1103 2776 quod
1156 2698 1220 2758 in
1274 2711 1536 2761 extremo
1590 2711 1764 2760 natus
1828 2700 1985 2760 orbis
2040 2702 2274 2777 angu10‚

296 2794 599 2856 doctrinae
626 2814 870 2856 corusco
897 2807 1079 2856 terras
1107 2815 1314 2857 omnes
1339 2797 1750 2873 perstrinxerit,
1779 2816 1919 2855 nam
1957 2807 2017 2856 et
2059 2796 2277 2855 Britan-

196 2922 226 2959 2
233 2920 264 2978 5
296 2889 411 2962 nia,
443 2908 593 2964 quae
621 2910 659 2948 a
686 2891 1038 2966 quibusdam
1079 2893 1223 2951 alter
1264 2892 1422 2952 orbis
1463 2894 1802 2969 appellatur,
1847 2894 2012 2969 quod
2049 2911 2275 2953 oceano

295 2984 574 3044 interfusa
618 3006 744 3046 non
782 2986 980 3047 multis
1023 2987 1464 3065 cosmographis
1506 2998 1806 3064 comperta
1846 2998 1951 3059 est,
1994 2989 2174 3047 habet
2213 2988 2274 3046 in

294 3081 682 3140 remotissima
709 3081 799 3141 sui
824 3084 1001 3159 plaga
1025 3084 1223 3142 locum
1264 3082 1587 3166 natiuitatis
1630 3095 1690 3143 et
1734 3082 2100 3143 educationis
2128 3083 2270 3158 eiuS,

295 3173 523 3234 Scotiae
550 3174 968 3252 propinquum.

385 3312 407 3411 ζ
440 3313 716 3440 {miggius
738 3314 928 3378 Vigorn
951 3315 1103 3364 chron
1124 3332 1189 3365 an
1215 3328 1325 3380 734.

386 3438 430 3473 ¹³
461 3441 741 3492 willelmus
763 3442 1215 3495 Malmesburiensis
1235 3451 1376 3509 gesta
1396 3459 1568 3508 regum
1591 3442 1868 3507 Anglorum
1896 3458 1918 3491 1
1944 3444 1972 3501 ἕ
1994 3453 2021 3500 5
2028 3455 2056 3502 3
2074 3441 2113 3491 s.
