2567 3750
256 195 365 250 188
816 212 1113 261 SJMEON
1152 213 1247 262 OF
1281 212 1631 262 DURHAM.
2005 195 2227 277 [TEs‘n-

286 345 299 368 ‘
334 338 878 461 PRESBYTER
903 334 1001 399 hic
1030 341 1193 400 Beda
1219 340 1548 418 requiescit,
1577 360 1751 409 carne
1780 343 2075 417 sepultus:

470 436 645 509 dona,
678 435 926 508 Christe,
957 436 1216 495 animam
1243 437 1304 494 in
1335 437 1513 496 caelis
1539 439 1795 513 gaudere
1822 457 1927 514 per
1952 458 2181 511 aeuum,

320 530 514 607 daque
541 529 707 589 illum
733 530 975 607 sophiae
1000 531 1254 591 debriari
1280 534 1462 605 fonte,
1492 532 1587 591 cui
1615 533 1733 591 iam

321 627 632 703 suspirauit
659 646 862 701 ouanS,
892 627 1119 686 intento
1148 647 1380 704 semper
1404 631 1641 687 amore!

359 778 389 851 ἓ
433 780 506 852 63
591 778 889 837 Poteritne
936 779 1056 836 ulla
1102 777 1482 837 excusatione
1529 777 1626 836 hic
1672 777 1866 853 pudor
1908 777 2221 851 extenuari,

240 884 307 932 ut
333 892 446 933 nec
477 872 540 931 in
573 892 646 932 eo
677 873 1050 945 monasterio,
1080 873 1182 932 ubi
1223 873 1325 931 illo
1367 871 1607 933 uiuente
1648 873 1828 933 totius
1869 873 2224 932 litteraturae

2293 795 2325 853 5

242 970 540 1028 exultabat
563 969 946 1045 gymnasium,
977 967 1234 1043 potuerit
1260 966 1510 1026 inueniri
1536 969 1719 1027 homo
1749 967 1848 1042 qui
1880 969 2223 1027 memoriam
2269 1010 2275 1014 >

243 1065 364 1123 eius
392 1066 665 1125 formaret
691 1065 804 1125 nisi
832 1065 965 1124 exili
995 1076 1055 1125 et
1082 1065 1396 1125 miserabili
1426 1065 1600 1125 stilo?
1686 1067 1689 1070 ’

1150 1289 1305 1345 XIV

242 1415 524 1538 ANNO
592 1431 681 1473 vn
749 1413 910 1492 regni
978 1413 1243 1474 eiusdem
1318 1412 1590 1495 [ngridi]
1657 1425 1828 1474 natus
1903 1426 1993 1474 est
2061 1416 2223 1474 Beda

446 1530 788 1587 magnus...
874 1512 1021 1570 haec
1061 1521 1259 1569 autem
1302 1530 1451 1586 quae
1494 1511 1708 1587 scripta
1749 1522 1884 1571 sunt
1931 1530 2004 1570 ex
2052 1511 2222 1570 dictis

240 1606 562 1665 beatissimi
590 1608 788 1667 Bedae
816 1607 1226 1682 excerpsimus.
1312 1606 1427 1665 iarn
1462 1619 1652 1667 ratum
1681 1607 1913 1667 uidetur
1937 1618 2002 1666 ut
2036 1608 2111 1667 de
2149 1618 2222 1667 eo

233 1703 384 1778 'quid
437 1704 761 1778 loq'uamur,
819 1702 1257 1762 reminiscentes
1316 1704 1659 1765 memoriam
1721 1704 2041 1783 sanctitatis
2097 1704 2221 1763 eius

242 1807 300 1856 et
335 1797 546 1875 gratias
588 1798 643 1858 ei
681 1800 993 1859 referentes
1032 1818 1141 1875 pro
1184 1798 1301 1857 suis
1350 1800 1661 1859 laboribus.

1172 2025 1292 2081 XV

349 2158 529 2216 NNO
597 2164 796 2214 autem
863 2151 1195 2212 dominicae
1263 2150 1679 2212 incarnationis
1748 2154 2012 2213 dccxxxv
2123 2152 2221 2211 illa

447 2251 726 2311 ecclesiae
779 2249 1103 2308 catholicae
1166 2250 1405 2306 lucerna
1457 2249 1535 2307 ad
1591 2268 1723 2307 eam
1777 2268 1929 2325 quae
1983 2268 2046 2307 se
2099 2248 2223 2307 illu-

242 2349 566 2407 minauerat
606 2348 814 2416 lucem,
859 2343 958 2401 illa
997 2362 1153 2401 uena
1192 2362 1382 2419 aquae
1423 2342 1681 2402 salientis
1722 2342 1784 2400 in
1825 2342 2007 2401 uitam
2043 2352 2225 2401 aeter-

240 2464 380 2504 nam
420 2443 499 2502 ad
544 2443 769 2501 fontem
815 2439 1020 2498 uiuum
1074 2439 1253 2497 deum
1313 2439 1595 2514 peruenit,
1654 2433 1948 2498 sacrorum
2002 2437 2222 2497 scilicet

240 2542 518 2600 librorum
585 2535 946 2612 compositor
1010 2534 1362 2594 uenerabilis
1414 2536 1716 2611 presbyter
1771 2547 1831 2610 et
1898 2538 2220 2596 monachus

243 2640 422 2709 Beda,
466 2636 777 2696 defunctus
819 2650 979 2691 anno
1021 2632 1229 2691 aetatis
1272 2651 1413 2691 suae
1455 2631 1938 2709 quinquagesimo
1981 2653 2215 2694 nono...

242 2735 342 2812 qui
370 2731 647 2793 uidelicet
675 2729 838 2788 Beda
872 2728 934 2786 in
973 2737 1232 2787 extremo
1258 2726 1500 2803 quidem
1537 2728 1745 2787 mundi
1772 2731 1988 2803 angulo
2015 2730 2223 2789 uiuens

241 2832 424 2904 latuit,
456 2830 561 2889 sed
597 2837 734 2904 post
759 2835 1010 2885 mortem
1037 2844 1143 2900 per
1167 2824 1469 2884 uniuersas
1497 2824 1703 2883 mundi
1728 2836 1919 2901 partes
1948 2825 2222 2896 omnibus

241 2924 304 2987 in
335 2925 494 2985 libris
531 2923 650 2983 suis
683 2921 891 2980 uiuens
927 2919 1220 2979 innotuit:
1258 2918 1321 2977 in
1350 2918 1562 2993 quibus
1590 2929 1870 2977 terrarum
1896 2919 2222 2994 regionum-

242 3042 359 3097 que
421 3021 779 3080 diuersarum
836 3017 978 3076 situs
1035 3027 1268 3075 naturas
1327 3014 1634 3091 qualitates
1688 3014 1989 3088 subtiliter,
2046 3034 2118 3073 ac
2172 3015 2220 3074 si

338 3170 381 3266 ξι
395 3172 597 3283 Sin61eorii
619 3170 966 3219 Dunelmensis
989 3170 1052 3217 de
1072 3169 1222 3232 gestis
1243 3183 1414 3231 regum
1436 3167 1713 3230 Anglorum
1736 3168 1896 3215 MHB
1919 3183 1953 3231 p
1977 3164 2098 3229 65οὓ
2119 3203 2132 3216 .

339 3297 382 3340 ¹3⁵
415 3251 564 3346 {deiri
581 3271 678 3346 liist
700 3297 916 3345 Dunelm
940 3296 1042 3345 eccl
1066 3309 1086 3344 1
1117 3312 1175 3357 14
1198 3295 1252 3360 (p
1277 3297 1306 3344 8
1321 3296 1627 3369 aTwysden.
1683 3295 1739 3344 cf
1753 3296 1803 3344 ib
1827 3299 1855 3345 8
1873 3312 1907 3359 p
1926 3313 1955 3356 4
1970 3297 2020 3344 b.
2085 3295 2218 3344 idern

245 3363 372 3424 epist
414 3362 478 3408 ad
524 3362 790 3423 Hugonem
826 3361 889 3408 de
928 3361 1229 3423 archiepisco
1267 3361 1310 3408 is
1356 3359 1493 3407 Ebor
1531 3361 1582 3408 ib
1624 3360 1702 3408 col
1742 3360 1802 3422 2⁷6
1841 3372 1914 3421 77.
1999 3360 2218 3409 Thomas

247 3425 432 3475 Stubbs
455 3431 590 3472 actus
612 3424 779 3487 pontif
796 3424 990 3473 Eborac
1013 3425 1064 3471 ib
1088 3425 1166 3472 col
1193 3440 1212 3473 1
1254 3437 1316 3487 95
1345 3422 1502 3487 1696).

2256 1440 2326 1477 10

2251 2560 2325 2596 20

2251 2990 2372 3097 25·
