2567 3750
208 194 287 244 40
753 184 951 236 σακε
996 184 1095 234 OF
1124 185 1178 233 A
1220 183 1577 233 DEHONIA
1584 182 1643 230 c,
2065 158 2196 243 [ΙΙΙ

205 341 245 379 a
290 319 531 379 diabolo
576 330 841 394 arreptus
893 321 1151 378 clamare
1190 317 1472 378 dentibus
1511 315 1782 375 frendere
1822 308 2096 389 spumare
2136 323 2201 372 et

207 414 455 473 diuersis
484 413 745 473 motibus
775 415 975 490 coepit
1008 417 1277 473 membra
1311 424 1602 488 torquere.
1685 429 1942 486 cumque
1961 429 2007 466 a
2030 411 2199 469 nullo

207 511 307 568 uel
350 509 535 568 teneri
577 510 675 567 uel
713 508 878 585 ligari
914 510 1220 585 potuisset,
1259 509 1515 568 cucurrit
1557 507 1825 567 minister
1860 519 1921 567 et
1955 508 2200 582 pulsans

209 604 287 660 ad
335 603 553 661 ostium
599 603 891 662 nuntiauit
942 604 1294 663 abbatissae.
1375 615 1439 662 at
1485 603 1587 661 illa
1637 604 1907 678 aperiens
1960 602 2199 660 ianuam

209 699 549 758 monasterii
581 699 761 759 exiuit
795 699 925 776 ipsa
958 720 1095 759 cum
1130 721 1253 758 una
1283 699 1817 760 sanctimonialium
1850 699 2202 759 feminarum
2276 709 2315 768 5

210 798 291 856 ad
330 799 531 855 locum
570 795 847 869 uirorum,
885 808 947 856 et
982 816 1242 856 euocans
1281 798 1689 872 presbyterum
1730 795 1956 872 rogauit
1995 814 2202 854 secum

211 891 415 950 uenire
449 892 526 949 ad
563 892 906 967 patientem.
1008 891 1112 950 ubi
1153 912 1294 950 cum
1331 892 1637 951 uenientes
1677 890 1948 949 uiderent
1983 893 2204 950 multos

211 985 471 1045 adfuisse
513 986 617 1062 qui
662 999 941 1045 uexatum
993 998 1195 1046 tenere
1239 998 1302 1045 et
1346 998 1542 1044 motus
1591 986 1717 1045 eius
1758 984 1999 1044 insanos
2041 1005 2205 1044 com·

213 1083 464 1159 primere
502 1086 701 1144 conati
743 1104 1120 1161 nequaquam
1157 1086 1456 1154 ualebant,
1498 1083 1734 1143 dicebat
1769 1086 2072 1159 presbyter
2106 1103 2205 1142 ex-

214 1181 497 1241 orcismos
533 1192 595 1241 et
629 1200 901 1257 quaeque
928 1192 1158 1257 poterat
1193 1199 1303 1255 pro
1340 1180 1607 1239 sedando
1633 1179 1830 1238 miseri
1855 1181 2047 1238 furore
2072 1199 2207 1256 age-
2242 1198 2324 1236 10

214 1279 333 1335 bat.
439 1279 544 1336 sed
598 1297 714 1336 nec
766 1277 893 1353 ipse
947 1275 1218 1351 quamuis
1270 1277 1520 1335 multum
1589 1276 1865 1332 laborans
1918 1276 2206 1350 proficere

216 1372 439 1448 aliquid
466 1374 718 1432 ualebat.
803 1391 1061 1446 cumque
1096 1372 1180 1429 nil
1217 1372 1421 1429 salutis
1456 1371 1672 1430 furenti
1710 1391 2015 1446 superesse
2042 1371 2208 1431 uide-

215 1478 391 1538 retur,
419 1478 661 1543 repente
699 1467 865 1525 uenit
900 1468 962 1525 in
998 1478 1261 1525 mentem
1303 1466 1636 1525 abbatissae
1671 1467 1866 1541 puluis
1902 1467 1999 1525 ille
2039 1486 2207 1542 prae-

216 1563 370 1619 fatus
424 1563 739 1637 statimque
792 1561 929 1619 iusit
982 1562 1064 1620 ire
1118 1561 1446 1619 ministram
1491 1572 1552 1620 et
1595 1562 1913 1636 capsellam
1969 1561 2030 1620 in
2085 1580 2211 1637 qua

217 1669 344 1716 erat
373 1658 682 1718 adducere.
767 1670 828 1717 et
854 1678 990 1717 cum
1027 1658 1128 1716 illa
1163 1659 1434 1717 adferens
1471 1679 1622 1734 quae
1659 1658 1818 1717 iussa
1845 1669 1936 1718 est
1962 1658 2203 1718 intraret
2245 1676 2320 1734 15

218 1753 430 1811 atrium
476 1753 690 1812 domus
743 1753 805 1811 in
859 1753 1025 1812 cuius
1079 1753 1450 1813 interioribus
1504 1755 1924 1814 daemoniosus
1978 1767 2211 1830 torque-

219 1850 407 1921 batur,
451 1849 735 1908 conticuit
766 1848 864 1909 ille
900 1849 1098 1908 subito
1135 1860 1194 1908 et
1231 1849 1401 1926 quasi
1439 1849 1500 1908 in
1534 1869 1806 1910 somnum
1845 1852 2073 1910 laxatus
2111 1852 2212 1912 de-

219 1945 418 2021 posuit
456 1957 653 2021 caput,
688 1947 955 2005 membra
993 1947 1056 2004 in
1097 1945 1356 2021 quietem
1398 1946 1596 2008 omnia
1634 1947 1984 2022 composuit.
2069 1966 2212 2007 con-

221 2041 442 2101 ticuere
497 2061 703 2101 omnes
750 2041 1078 2116 intentique
1127 2061 1231 2100 ora
1277 2044 1580 2112 tenebant,
1624 2062 1805 2118 quem
1850 2062 1943 2101 res
1984 2044 2209 2103 exitum

221 2137 465 2195 haberet
518 2135 752 2195 solliciti
807 2148 1229 2211 exspectantes.
1316 2148 1377 2195 et
1417 2148 1555 2212 post
1606 2137 1974 2213 aliquantum
2027 2139 2211 2198 horae
2243 2156 2322 2194 20

223 2234 476 2309 spatium
512 2232 732 2292 resedit
767 2231 868 2307 qui
906 2234 1229 2291 uexabatur
1262 2241 1327 2292 et
1360 2233 1612 2309 grauiter
1647 2233 1944 2308 suspirans
1976 2235 2209 2294 ‘modo'

221 2329 412 2405 inquit
460 2334 475 2361 ‘
493 2348 700 2387 sanum
746 2327 927 2403 sapi0‚
973 2328 1170 2404 recepi
1214 2328 1373 2388 enim
1419 2347 1655 2388 sensum
1696 2328 1879 2387 animi
1915 2330 2071 2390 mei.'
2151 2342 2214 2391 at

220 2424 307 2483 illi
362 2425 570 2484 sedulo
626 2423 1071 2482 sciscitabantur
1124 2425 1432 2499 quomodo
1486 2426 1604 2483 hoc
1649 2424 2003 2500 contigisset.
2108 2426 2213 2501 qui

222 2520 340 2579 ait:
399 2526 414 2553 ‘
433 2538 574 2578 mox
608 2530 676 2578 ut
712 2518 877 2593 uirgo
922 2520 1071 2577 haec
1113 2538 1249 2577 cum
1291 2521 1548 2595 capsella
1583 2538 1760 2593 quam
1796 2521 2072 2593 portabat
2113 2521 2216 2579 ad-

222 2615 640 2691 propinquauit
679 2613 826 2673 atrio
868 2615 1080 2672 domus
1119 2614 1312 2685 huiuS,
1355 2615 1673 2673 discessere
1720 2633 1929 2673 omnes
1971 2613 2074 2690 qui
2112 2633 2211 2674 me
2244 2634 2278 2671 2
2286 2630 2319 2689 5

222 2714 572 2787 premebant
626 2710 858 2787 spiritus
911 2709 1152 2785 maligni
1197 2721 1256 2769 et
1303 2730 1401 2768 me
1446 2710 1651 2768 relicto
1703 2728 1999 2785 nusquam
2053 2728 2215 2768 com-

223 2807 576 2883 paruerunt?
667 2819 810 2866 tunc
851 2806 1016 2865 dedit
1056 2805 1111 2864 ei
1151 2806 1454 2865 abbatissa
1492 2806 1927 2881 portiunculam
1968 2808 2045 2865 de
2086 2807 2216 2882 pul-

223 2924 362 2963 uere
403 2904 523 2976 illo,
568 2916 626 2964 et
675 2905 760 2964 sie
808 2905 948 2963 data
1001 2901 1266 2962 oratione
1310 2921 1348 2960 a
1388 2904 1731 2978 presbytero
1769 2911 2009 2960 noctem
2048 2902 2214 2960 illam

225 3001 644 3078 quietissimam
674 2999 880 3073 duxit;
917 3017 1114 3074 neque
1149 2998 1373 3074 aliquid
1410 3018 1486 3057 ex
1522 3016 1596 3057 eo
1632 3008 1899 3072 tempore
1938 2998 2216 3057 nocturni

224 3096 449 3157 timoris
478 3108 579 3155 aut
607 3094 932 3154 uexationis
960 3096 1038 3154 ab
1063 3093 1314 3169 antiquo
1342 3095 1513 3152 hoste
1539 3092 1791 3168 pertulit.
2247 3113 2338 3170 30

609 3224 652 3256 ⁸³
684 3226 830 3287 recspi
847 3242 940 3274 ms.
1231 3222 1275 3256 ²⁴
1306 3222 1712 3287 adpropinquabit
1731 3238 1818 3271 ms.
