2567 3750
711 5 1108 57 VULFHERE
1147 7 1344 57 KING
1390 6 1488 56 OF
1494 36 1498 41 ·
1517 6 1828 57 MERCIA.
2128 0 2256 71 [lii

270 139 333 191 et
366 127 551 189 o'ccisi
587 138 655 191 et'
689 129 812 191 eius
854 130 957 206 qui
997 131 1267 192 occidere
1308 130 1492 205 iussit,
1532 132 1718 191 salute
1756 140 1996 191 aeterna
2033 132 2252 190 fierent.

270 227 432 289 idem
458 237 655 289 autem
681 246 782 286 rex
809 228 997 289 Osuiu
1034 229 1217 291 tribus
1254 230 1425 290 annis
1460 240 1597 307 post
1624 229 1985 291 occisionem
2012 230 2256 301 Pendan

267 327 420 404 regis
448 328 807 391 Merciorum
847 326 1009 404 genti
1045 344 1282 386 necnon
1311 336 1370 385 et
1410 325 1619 384 ceteris
1653 324 1991 385 australium
2024 323 2257 403 prouin-

268 423 492 485 ciarum
526 424 762 501 populis
797 424 1082 501 praefuit:
1124 422 1227 499 qui
1262 422 1442 482 etiam
1478 433 1718 499 gentem
1745 422 2044 484 Pictorum
2078 420 2256 485 maxi-

266 539 367 579 ma
394 538 467 581 ex
490 531 655 596 parte
680 540 862 597 regno
889 522 1215 597 Anglorum
1242 521 1508 581 subiecit.
2318 541 2351 599 5

390 616 547 689 Quo·
565 625 830 692 tempore
867 616 1111 677 donauit
1151 618 1416 692 praefato
1440 616 1638 676 Peada
1662 616 1783 677 filio
1809 615 1961 693 regis
1986 618 2251 688 Pendan,

267 729 342 769 eo
369 710 531 786 quod
558 720 710 770 esset
736 722 1020 788 cognatus
1048 731 1206 784 suuS‚
1233 731 1481 788 regnum
1508 712 1846 772 australium
1876 712 2250 783 Merciorum,

266 806 370 882 qui
424 818 560 867 sunt
613 818 681 867 ut
733 808 939 868 dicunt
991 809 1341 868 familiarum
1396 808 1659 885 quinque
1717 809 1960 882 milium,
2019 809 2252 870 discreti

263 903 447 965 fluuio
489 905 744 965 Treanta
782 905 857 964 ab
900 904 1331 981 aquilonalibus
1374 905 1629 978 Merciis‚
1682 924 1933 981 quorum
1974 915 2123 966 terra
2163 917 2250 965 est

264 1000 612 1061 familiarum
665 1000 749 1061 nii
801 999 1047 1063 milium.
1151 1002 1255 1061 sed
1311 1001 1471 1061 idem
1529 1002 1726 1063 Peada
1791 1002 2058 1078 proximo
2111 1022 2263 1064 uere.
2283 1022 2353 1059 10

265 1101 517 1157 multum
553 1098 770 1158 nefarie
805 1109 1101 1174 peremtus
1128 1109 1217 1158 est
1243 1098 1594 1175 proditione,
1634 1109 1698 1158 ut
1736 1099 1955 1171 dicunt,
1985 1098 2249 1175 coniugis

256 1212 407 1253 ‘suae
432 1193 494 1252 in
520 1192 654 1271 ipso
677 1204 941 1270 tempore
968 1193 1100 1253 festi
1135 1194 1442 1270 paschalis.
1525 1195 1815 1271 conpletis
1841 1206 2041 1255 autem
2066 1193 2248 1255 tribus

263 1289 435 1351 annis
460 1298 597 1365 post
626 1288 1093 1349 interfectionem
1123 1291 1369 1350 Pendan
1400 1290 1551 1367 regis
1582 1292 1932 1351 rebellarunt
1968 1290 2247 1349 aduersus

262 1404 459 1460 regem
508 1385 698 1446 Osuiu
745 1386 928 1457 duces
973 1386 1163 1463 gentis
1208 1387 1568 1446 Merciorum
1618 1387 1836 1447 Immin
1880 1398 1939 1445 et
1986 1387 2134 1444 Eafa
2187 1397 2245 1444 et

264 1482 573 1554 Eadberct,
618 1484 815 1542 leuato
861 1481 923 1542 in
964 1502 1162 1559 regem
1198 1486 1349 1542 Vulf
1351 1487 1486 1545 here
1528 1484 1651 1544 filio
1694 1485 1957 1544 eiusdem
2002 1485 2242 1545 Pendan
2280 1497 2344 1556 15

260 1581 638 1639 adulescente
675 1599 854 1656 quem
894 1583 1193 1639 occultum
1230 1592 1622 1655 seruauerant,
1654 1593 1714 1642 et
1740 1580 1941 1641 eiectis
1975 1580 2245 1657 principi-

261 1678 372 1736 bus
407 1677 558 1753 regis
593 1696 715 1737 non
752 1677 970 1753 proprii
1004 1679 1151 1736 fines
1189 1698 1329 1738 suos
1364 1679 1587 1738 fortiter
1621 1678 1795 1738 simul
1823 1689 1881 1738 et
1915 1676 2242 1737 libertatem

259 1783 638 1848 receperunt:
701 1773 904 1849 sicque
948 1793 1085 1832 cum
1129 1794 1237 1833 suo
1279 1794 1414 1851 rege
1458 1774 1623 1834 liberi
1666 1773 1900 1835 Christo
1940 1792 2083 1833 uero
2122 1773 2242 1849 regi

260 1890 369 1946 pro
395 1868 750 1946 sempiterno
783 1871 844 1931 in
882 1872 1057 1933 caelis
1093 1893 1275 1949 regno
1310 1872 1522 1932 seruire
1559 1872 1912 1948 gaudebant.
1995 1871 2241 1947 praefuit

259 1980 459 2028 autem
496 1989 595 2028 rex
629 1969 790 2030 idem
825 1970 987 2046 genti
1017 1970 1377 2029 Merciorum
1412 1969 1581 2029 annis
1616 1990 1654 2027 x
1689 1979 1748 2029 et
1787 1968 1886 2041 uii,
1920 1968 2239 2044 habuitque
2273 1978 2344 2017 20

258 2065 514 2141 primum
542 2065 886 2141 episcopum
914 2067 1225 2126 Trumheri
1262 2068 1338 2125 de
1373 2086 1492 2142 quo
1532 2085 1706 2142 supra
1742 2064 2009 2138 diximuS,
2040 2084 2242 2124 secun-

259 2162 404 2219 dum
434 2163 725 2232 Iaruman‚
762 2160 997 2220 tertium
1026 2163 1329 2234 Ceaddan,
1370 2171 1638 2236 quartum
1667 2159 2036 2236 Vynfridum.
2120 2178 2242 2219 om·

259 2275 365 2316 nes
401 2256 462 2314 hi
498 2276 603 2331 per
638 2255 903 2316 ordinem
942 2257 1173 2317 sibimet
1216 2258 1600 2317 succedentes
1636 2257 1746 2317 sub
1781 2258 1919 2332 rege
1951 2256 2242 2318 Vulfhere

258 2352 446 2429 gentis
477 2352 832 2414 Merciorum
859 2349 1200 2432 episcopatu
1227 2366 1366 2416 sunt
1391 2354 1592 2416 suncti.

1163 2652 1341 2710 XXV
2267 2665 2335 2725 25

269 2800 393 2923 IN
397 2802 681 2860 TEREA
722 2800 958 2861 Aidano
1000 2801 1280 2879 episcopo
1326 2805 1400 2864 de
1447 2803 1559 2863 hac
1605 2804 1726 2864 uita
1769 2804 2000 2866 sublato
2049 2805 2238 2866 Finan

369 2912 478 2970 pro
505 2894 605 2953 illo
636 2897 882 2971 gradum
920 2897 1292 2975 episcopatus
1329 2918 1365 2958 a
1400 2899 1613 2959 Scottis
1654 2899 1974 2971 ordinatus,
1996 2922 2067 2962 ac
2108 2904 2240 2963 mis-

256 3008 355 3048 sus
394 3001 713 3065 acceperat.
798 2992 901 3066 qui
936 2992 999 3051 in
1035 2992 1226 3053 insula
1254 2993 1715 3055 Lindisfarnensi
1749 2995 1888 3056 fecit
1927 2998 2237 3058 ecclesiam

255 3082 573 3159 episcopali
600 3084 726 3143 sedi
753 3104 1089 3165 congruam,
1120 3106 1302 3165 quam
1327 3098 1527 3151 tamen
1553 3109 1717 3152 more
1744 3093 2079 3156 Scottorum
2112 3112 2234 3158 non

467 3206 491 3239 ⁹
524 3211 700 3259 Alercis
732 3227 823 3260 ms.
849 3241 855 3248 ·
1120 3213 1165 3249 ¹⁸
1195 3216 1322 3265 iecit}
1354 3233 1443 3272 ms.
1747 3218 1790 3252 ²²
1821 3220 1899 3269 lcii
1925 3235 2019 3271 ms.
