2567 3750
212 194 288 244 24
487 189 582 238 off
622 188 771 237 THE
820 188 1301 238 CONVERSION
1341 188 1437 238 OF
1479 180 1627 236 THE
1667 187 1894 236 PICTS.
2051 166 2187 249 [111

208 336 315 392 per
360 317 510 387 loca,
560 316 941 375 confluebant
979 317 1056 376 ad
1098 315 1459 375 audiendum
1507 316 1755 375 uerbum
1800 313 2007 391 populi
2058 333 2196 390 gau·

210 415 436 484 denteS‚
477 414 850 472 donabantur
892 429 1135 471 munere
1171 411 1335 488 regio
1375 411 1781 488 possessiones
1817 421 1877 470 et
1910 409 2195 471 territoria

208 508 286 565 ad
363 506 723 566 instituenda
802 507 1174 579 monasteria,
1250 507 1646 566 inbuebantur
1717 506 2194 583 praeceptoribus

210 602 425 662 Scottis
478 601 708 678 paruuli
760 604 1087 678 Anglorum
1140 623 1261 661 una
1315 623 1452 662 cum
1508 603 1828 663 maioribus
1879 603 2087 664 studiis
2134 615 2195 663 et

209 698 622 759 obseruatione
652 697 996 774 disciplinae
1022 698 1321 774 regularis.

329 798 487 853 Nam
528 795 805 854 monachi
847 807 1010 856 erant
1051 796 1307 855 maxime
1349 795 1450 872 qui
1491 797 1568 855 ad
1608 797 2070 872 praedicandum
2098 817 2196 858 ue-

208 901 431 963 nerant,
481 894 806 967 monachus
849 889 976 967 ipse
1024 890 1337 967 episcopus
1379 893 1593 951 Aedan
1637 903 1843 967 utpote
1886 894 1965 952 de
2005 892 2196 951 insula

210 1008 361 1064 quae
398 1000 644 1047 uocatur
672 988 781 1047 Hii
818 989 1160 1062 destinatuS,
1201 989 1369 1049 cuius
1411 989 1832 1050 monasterium
1865 990 1929 1050 in
1963 991 2195 1050 cunctis

208 1102 363 1160 pene
431 1083 978 1159 septentrionalium
1047 1087 1384 1144 Scottorum
1439 1095 1498 1144 et
1558 1085 1825 1144 omnium
1893 1086 2194 1146 Pictorum

209 1180 579 1240 monasteriis
614 1201 738 1240 non
770 1200 955 1256 paruo
989 1191 1255 1257 tempore
1288 1201 1487 1241 arcem
1529 1184 1772 1242 tenebat
1806 1182 2195 1258 regendisque

210 1296 412 1337 eorum
452 1276 685 1354 populis
725 1288 1023 1355 praeerat:
1083 1298 1234 1354 quae
1274 1278 1553 1338 uidelicet
1592 1278 1783 1338 insula
1821 1280 1901 1339 ad
1942 1279 2034 1339 ius
2077 1280 2198 1356 qui-

210 1374 350 1432 dem
393 1372 713 1431 Brittaniae
752 1373 1023 1451 pertinet,
1070 1393 1193 1433 non
1247 1392 1466 1450 magno
1506 1375 1585 1433 ab
1625 1394 1698 1434 ea
1735 1375 1885 1435 freto
1925 1375 2195 1446 discreta,

212 1470 317 1529 sed
348 1470 672 1530 donatione
701 1469 1001 1529 Pictorum
1036 1470 1139 1546 qui
1175 1471 1305 1530 illas
1343 1471 1660 1531 Brittaniae
1693 1473 1898 1547 plagas
1933 1471 2198 1532 incolunt

154 1580 159 1589 “
210 1567 558 1626 iamdudum
601 1565 908 1625 monachis
940 1568 1277 1627 Scottorum
1315 1568 1545 1641 tradita,
1586 1586 1660 1628 eo
1696 1568 1858 1644 quod
1899 1567 2013 1626 illis
2038 1588 2199 1645 prae-

213 1661 546 1723 dicantibus
573 1663 754 1722 fidem
783 1663 1001 1724 Christi
1028 1664 1416 1742 perceperint.

1143 1891 1280 1947 IIII

218 2056 701 2182 SIQVIDEM
746 2073 904 2114 anno
946 2054 1366 2114 incarnationis
1422 2055 1754 2115 dominicae
1800 2056 2034 2128 d0lx0v0‚
2081 2071 2201 2131 quo

359 2166 624 2228 tempore
644 2154 1105 2228 gubernaculum
1125 2151 1384 2210 Romani
1401 2152 1630 2227 imperii
1649 2163 1786 2228 post
1808 2151 2201 2234 Iustinianum

218 2250 477 2308 Iustinus
537 2248 730 2306 minor
781 2246 1028 2323 accepit,
1087 2247 1253 2307 uenit
1307 2249 1383 2307 de
1441 2248 1734 2308 Hibernia
1784 2250 2090 2324 presbyter
2144 2260 2202 2307 et

215 2348 400 2405 abbas
454 2344 661 2404 habitu
717 2354 776 2403 et
824 2344 947 2403 uita
1000 2344 1281 2403 monachi
1328 2344 1575 2421 insignis
1617 2346 1859 2405 nomine
1908 2346 2204 2405 Columba

218 2441 580 2513 Brittaniam,
637 2439 1076 2515 praedicaturus
1130 2441 1377 2498 uerbum
1433 2439 1529 2500 dei
1583 2440 1906 2516 prouinciis
1974 2452 2206 2517 septen-

216 2539 549 2597 trionalium
579 2536 894 2609 Pictorum,
924 2538 1039 2595 hoc
1073 2547 1162 2596 est
1203 2535 1288 2595 eis
1330 2555 1482 2612 quae
1518 2538 1713 2597 arduis
1751 2548 1931 2613 atque
1967 2540 2206 2598 horren-

217 2631 373 2693 tibus
410 2631 704 2692 montium
739 2629 888 2709 iugis
930 2634 1006 2691 ab
1051 2631 1402 2692 australibus
1444 2652 1650 2692 eorum
1691 2643 1828 2692 sunt
1866 2634 2206 2711 regionibus

218 2740 632 2804 sequestratae.
716 2747 971 2803 namque
999 2727 1111 2805 ipsi
1141 2732 1420 2789 australes
1450 2729 1602 2789 Picti
1637 2730 1738 2805 qui
1771 2729 1924 2790 intra
1960 2732 2204 2791 eosdem

217 2834 452 2883 montes
515 2824 740 2882 habent
799 2825 971 2881 sedes
1028 2824 1217 2881 multo
1269 2835 1408 2882 ante
1463 2835 1729 2900 tempore
1781 2835 1847 2884 ut
1893 2824 2206 2901 perhibent

218 2918 423 2978 relicto
471 2937 664 2977 errore
717 2918 1024 2978 idolatriae
1078 2920 1259 2977 fidem
1314 2920 1574 2979 ueritatis
1629 2933 1995 2998 acceperant,
2045 2940 2207 2998 prae-

221 3015 457 3074 dicante
526 3013 609 3073 eis
676 3017 928 3073 uerbum
996 3016 1196 3092 Nynia
1261 3015 1545 3092 episcopo
1608 3017 2079 3077 reuerentissimo
2148 3031 2208 3078 et

221 3111 590 3170 sanctissimo
641 3111 770 3170 uiro
825 3113 902 3171 de
947 3112 1191 3170 natione
1240 3114 1604 3184 Brettonum‚
1655 3113 1757 3189 qui
1805 3124 1929 3174 erat
1977 3116 2206 3173 Romae

220 3206 557 3282 regulariter
592 3206 772 3266 fidem
800 3218 861 3265 et
895 3206 1172 3282 mysteria
1198 3206 1462 3266 ueritatis
1490 3208 1756 3280 edoctuS,
1796 3207 1963 3267 cuius
2001 3209 2206 3267 sedem

2232 1200 2303 1238 10

2234 2366 2304 2403 20

221 3304 619 3380 episcopalem
676 3304 865 3364 sancti
921 3304 1165 3363 Martini
1221 3304 1486 3381 episcopi
1547 3305 1790 3366 nomine
1845 3316 1905 3367 et
1958 3307 2210 3367 ecclesia
2234 3323 2311 3379 30

965 3416 1008 3451 ¹⁰
1040 3420 1352 3468 lastinianus
1373 3436 1462 3471 ms·
