2567 3750
356 87 484 168 (22)
503 117 548 138 =
569 86 667 169 κο]
702 104 884 153 ΜΕΝ
912 105 1105 154 GREA
1122 105 1265 154 TLY
1289 105 1393 153 RE
1404 102 1753 152 VERENCE
1793 104 1945 153 THE
1975 105 2182 154 MASS.
2226 107 2346 167 1²35·

353 234 589 295 cuidam
606 256 624 309 3
701 236 804 294 sed
858 254 970 294 nec
1025 237 1101 295 ab
1155 234 1256 294 illo
1313 255 1449 294 cum
1503 234 1642 294 illuc
1697 237 2007 295 duceretur
2048 238 2338 298 ullatenus

351 330 543 407 potuit
590 330 822 408 alligari.
907 352 1114 392 uerum
1158 352 1295 391 cum
1336 332 1448 390 alia
1489 344 1665 408 atque
1711 333 1824 391 alia
1869 333 2238 392 uinculorum
2284 333 2337 393 ei

351 446 567 504 genera
605 429 804 487 hostes
841 427 1192 504 inponerent
1239 448 1492 505 cumque
1529 429 1774 489 uidisset
1813 428 1914 504 qui
1956 440 2174 488 emerat
2218 418 2339 489 uin·

352 521 498 581 culis
526 542 662 582 eum
690 543 813 583 non
849 525 1111 600 potuisse
1151 525 1429 596 cohiberi,
1463 525 1708 583 donauit
1743 524 1797 583 ei
1835 527 2170 583 facultatem
2210 528 2349 585 sese'

291 641 321 699 5
351 621 678 682 redimendi
716 622 764 683 si
799 634 1012 699 posset.
1097 642 1133 681 a
1180 621 1349 682 tertia
1397 633 1595 681 autern
1639 622 1800 693 hora,
1842 618 2085 697 quando
2124 621 2346 682 missae

351 718 474 777 fieri
511 720 794 791 solebant,
836 718 1172 795 saepissime
1208 719 1446 778 uincula
1488 718 1879 778 soluebantur.
1966 730 2028 778 at
2064 718 2160 777 ille
2196 720 2336 778 dato

351 811 722 873 iureiurando
776 825 841 873 ut
884 814 1100 874 rediret
1143 816 1239 874 uel
1281 814 1596 890 pecuniam
1646 813 1730 871 illi
1784 832 1890 889 pro
1951 833 2012 872 se
2061 813 2351 886 mitteret·

350 909 512 969 uenit
568 909 841 970 Cantiam
895 912 973 969 ad
1026 930 1222 987 regem
1274 909 1550 969 Hlotheri
1600 909 1700 985 qui
1748 920 1869 968 erat
1917 909 2068 968 filius
2125 910 2350 969 sororis

348 1006 748 1084 Aedilthrydae
781 1006 1013 1083 reginae
1052 1008 1130 1066 de
1171 1027 1291 1083 qua
1327 1026 1502 1082 supra
1544 1005 1768 1065 dictum
1809 1017 1913 1078 est,
1946 1005 2083 1081 quia
2122 1005 2335 1082 etipse

251 1122 322 1160 ιο
348 1103 650 1177 quondam
705 1104 968 1163 eiusdem
1015 1103 1248 1180 reginae
1304 1103 1567 1163 minister
1628 1105 1848 1180 fuerat:
1922 1101 2205 1180 petiitque
2274 1088 2348 1162 et·

347 1195 575 1273 accepit
602 1198 677 1257 ab
706 1217 779 1258 eo
815 1198 1066 1274 pretium
1099 1218 1240 1258 suae
1277 1198 1655 1258 redemtionis
1688 1218 1758 1257 ac
1792 1218 1898 1257 suo
1942 1198 2187 1259 domino
2223 1217 2333 1275 pro

347 1310 426 1367 se,
458 1303 524 1351 ut
551 1293 911 1369 promiserat,
941 1293 1114 1353 misit.
2018 1363 2023 1367 ,

471 1389 589 1462 Qui
620 1401 755 1465 post
791 1391 937 1449 haec
979 1389 1227 1466 patriam
1261 1409 1529 1450 reuersus
1567 1400 1743 1465 atquc
1776 1391 1854 1448 ad
1892 1409 2061 1448 suum
2100 1390 2334 1449 fratrem

345 1485 709 1560 peruenienS,
755 1487 1056 1563 replicauit
1100 1507 1174 1547 ex
1217 1488 1423 1547 ordine
1468 1500 1683 1545 cuncta
1726 1505 1876 1562 quae
1922 1486 2032 1548 sibi
2086 1487 2334 1546 aduersa

248 1600 314 1658 15
347 1599 574 1656 quaeue
622 1579 683 1640 in
737 1582 997 1642 aduersis
1046 1583 1263 1642 solacia
1317 1583 1741 1659 prouenissent,
1799 1581 2198 1658 cognouitque
2250 1601 2336 1643 re-

343 1677 565 1737 ferente
593 1677 695 1737 illo
723 1678 834 1738 illis
863 1679 1117 1739 maxime
1143 1679 1508 1756 temporibus
1538 1700 1642 1739 sua
1669 1680 1844 1739 fuisse
1866 1678 2102 1738 uincula
2124 1679 2330 1751 soluta,

344 1775 557 1852 quibus
582 1796 689 1853 pro
720 1796 781 1835 se
811 1775 1114 1835 missarum
1144 1779 1371 1836 fuerant
1402 1778 1691 1838 celebrata
1720 1776 2041 1836 sollemnia„
2128 1779 2234 1837 sed
2273 1790 2332 1837 et

342 1871 472 1945 alia,
509 1893 662 1949 quae
694 1868 1042 1950 periclitanti
1077 1873 1132 1934 ei
1173 1876 1493 1934 commoda
1529 1872 1907 1950 contigissent
1942 1884 1999 1933 et
2035 1892 2329 1950 prospera,

341 1986 447 2043 per
472 1967 954 2029 intercessionem
988 1972 1300 2031 fraternam
1328 1983 1387 2031 et
1416 1970 1775 2031 oblationem
1809 1972 2035 2030 hostiae
2065 1970 2332 2030 salutaris

244 2082 316 2120 20
343 2064 588 2124 caelitus
625 2065 735 2125 sibi
768 2066 944 2126 fuisse
982 2053 1202 2127 donata
1236 2068 1536 2128 intellexit.
1619 2067 1907 2143 multique
1935 2070 2083 2127 haec
2109 2088 2146 2126 a
2170 2087 2332 2144 prae-

341 2159 461 2219 fato
490 2161 616 2221 uiro
644 2162 951 2222 audientes
978 2164 1209 2223 accensi
1245 2176 1380 2224 sunt
1415 2164 1475 2223 in
1508 2167 1625 2225 fide
1654 2184 1723 2224 ac
1751 2164 2070 2224 deuotione
2099 2162 2329 2240 pietatis

286 2337 289 2340 Δ
341 2257 417 2316 ad
456 2260 744 2319 orandum
780 2263 878 2320 uel
915 2262 992 2320 ad
1031 2260 1383 2337 elimosynas
1420 2261 1717 2321 faciendas
1750 2263 1847 2320 uel
1885 2262 1963 2320 ad
2000 2260 2328 2319 offerendas

340 2354 457 2415 deo
510 2356 780 2415 uictimas
828 2376 1024 2416 sacrae
1081 2357 1392 2417 oblationis
1436 2378 1544 2434 pro
1590 2358 1888 2434 ereptione
1934 2376 2170 2417 suorum
2227 2357 2338 2433 qui'

340 2452 414 2511 de
444 2454 679 2511 saeculo
707 2452 1131 2528 migrauerant:
1173 2454 1581 2513 intellexerunt
1616 2454 1773 2513 enim
1812 2452 1948 2529 quia
1983 2450 2326 2511 sacrificium

240 2572 270 2608 2
278 2569 309 2627 5
340 2548 587 2609 salutare
642 2549 718 2608 ad
780 2548 1207 2610 redemtionem
1274 2552 1498 2610 ualeret
1552 2562 1610 2611 et
1665 2550 1899 2610 animae
1955 2561 2014 2610 et
2068 2549 2327 2626 corporis

339 2645 768 2721 sempiternam.

459 2742 642 2798 Hanc
677 2739 821 2798 mihi
853 2738 1156 2800 historiam
1190 2740 1369 2800 etiam
1407 2739 1650 2816 quidam
1689 2760 1907 2813 eorum,
1945 2739 2046 2817 qui
2083 2740 2159 2800 ab
2197 2739 2324 2816 ipso

336 2832 463 2894 uiro
511 2834 573 2893 in
621 2854 741 2911 quo
789 2836 943 2894 facta
985 2846 1073 2895 est
1118 2836 1372 2908 audiere,
1423 2848 1760 2896 narrarunt:
1818 2838 1978 2896 unde
2017 2854 2148 2894 eam
2186 2835 2326 2911 quia

335 2915 561 3008 liduido
592 2931 868 3009 comperi,
896 2931 1294 2993 indubitanter
1329 2931 1603 2992 historiae
1632 2943 1865 2991 nostrae
1895 2932 2325 2992 ecclesiasticae

239 3053 311 3112 30
335 3026 703 3088 inserendam
732 3028 970 3088 credidi.

668 3165 689 3199 ²
721 3167 964 3216 ullatinus
984 3184 1044 3232 pr
1065 3184 1196 3218 man.
1714 3168 1736 3201 ⁶
1766 3178 1861 3232 sep·
1887 3185 1975 3219 τηε.
