2567 3750
363 214 519 275 LIFE]
926 219 1043 268 ME
1052 221 1103 268 T
1091 221 1194 269 RE
1235 223 1283 269 A
1290 221 1400 270 ND
1442 222 1781 271 RHYTHM.
2222 226 2288 265 2⁷1
2303 225 2329 264 Ι

361 344 492 393 close
527 344 626 393 and
655 344 739 393 the
776 346 931 394 world
970 355 1023 396 to
1060 363 1200 396 come
1232 349 1338 412 ipsa
1372 350 1475 397 iam
1511 351 1653 413 quasi
1677 350 2041 413 propinquitate
2074 349 2333 412 tangitur&

361 422 411 468 A
443 436 673 470 common
706 424 841 487 topic
872 425 925 472 in
960 426 1223 490 Gregory’s
1265 428 1433 476 letters
1446 445 1461 487 3
1522 443 1553 492 9
1582 430 1675 478 reff
1694 430 1745 477 in
1787 429 1935 477 index
1971 430 2034 478 ed
2067 430 2134 478 cit
2180 430 2337 478 under

360 503 590 552 mundus.
658 504 722 552 In
762 505 915 577 Bonis
935 507 1060 570 epist
1088 522 1177 572 139
1210 525 1246 572 p
1277 521 1369 571 307
1401 509 1529 572 Jaffe
1560 511 1759 573 quidam
1792 511 1955 560 writes
1981 518 2034 559 to
2063 512 2141 559 his
2181 512 2337 560 ‘most

360 582 527 646 loving
559 583 747 632 sister':
781 586 1305 651 adpropinquante
1337 590 1439 637 iam
1470 590 1676 638 mundi
1710 590 1829 639 fine
1863 598 1909 638 et
1933 598 2098 639 statua
2130 608 2189 639 ex
2218 608 2334 654 qua-

297 670 326 732 '5
356 664 508 711 ternis
527 665 831 713 metallorum
849 668 1103 729 generibus
1122 668 1367 731 quondam
1382 669 1655 731 fabrefacta
1684 672 1899 730 ruitura,
1927 670 2136 732 hydram
2156 670 2337 734 quoque

355 752 537 808 semper
574 747 719 794 nouis
754 747 970 796 hiantem
1012 749 1163 797 sibilis
1203 756 1248 797 et
1286 751 1501 811 Scyllam
1534 766 1645 798 cum
1682 750 1986 799 hereditariis
2025 751 2199 798 catulis
2237 767 2335 799 non

356 830 607 872 cessantem
628 826 828 875 latrare.
895 827 1155 876 Willibald
1176 829 1280 877 uita
1303 829 1456 877 Bonis
1471 831 1499 874 8
1524 845 1558 892 p
1582 828 1691 892 460.
1760 832 1896 880 Beda
1919 844 1939 880 1
1966 848 2023 894 3²
2048 849 2082 897 p
2109 845 2167 895 73
2193 837 2302 882 208.

456 906 496 953 P
519 905 590 962 13
616 907 676 953 28
708 918 995 954 METRICAL
1016 919 1136 955 ΛΝΒ
1160 920 1539 957 RHYTHMICAL
1561 921 1757 958 HYMNS
1787 927 1868 958 see
1891 912 1975 960 the
1997 919 2183 961 extract
2210 913 2335 961 from

357 985 473 1033 Lull
493 986 650 1034 above
671 1002 706 1049 p
735 987 819 1036 181
845 987 863 1034 l
891 1004 965 1050 14.
1036 989 1247 1049 Quidam
1270 991 1416 1039 sends
1442 998 1495 1039 to
1524 1006 1589 1038 an
1615 991 1790 1039 abbess
1819 993 1918 1039 and
1943 1008 2046 1040 nun
2072 993 2247 1052 (Bonif
2272 1009 2335 1055 ep

258 1082 330 1120 10
357 1079 417 1129 95
443 1081 478 1128 p
503 1065 617 1127 243)
638 1068 892 1115 uersiculos
912 1069 1155 1117 metrica
1176 1071 1364 1118 ratione
1382 1073 1663 1133 compositos.
1736 1070 1814 1118 ‘N
1818 1070 1829 1091 '
1854 1071 1999 1120 sends
2021 1080 2074 1120 to
2104 1071 2336 1121 Bonisace

358 1149 440 1209 (ep
463 1161 526 1211 99
561 1163 631 1210 pp
655 1151 750 1210 248
780 1150 893 1212 249)
925 1150 1229 1199 hexameters
1256 1152 1554 1199 coerectionis
1585 1166 1746 1198 causa.
1815 1151 1878 1198 In
1908 1151 1986 1199 his
2014 1154 2210 1200 treatise
2245 1152 2335 1198 ‘de
2397 1143 2403 1157 ¹

356 1237 460 1277 arte
481 1228 704 1277 metrica'
727 1245 755 1277 c
778 1245 839 1287 24
864 1234 876 1255 ‘
893 1229 955 1277 de
976 1227 1230 1290 rhythmo'
1256 1230 1392 1278 Bede
1424 1229 1644 1292 explains
1666 1229 1772 1278 that
1793 1237 1947 1278 metre
1967 1230 2009 1279 is
2033 1231 2335 1279 determined

354 1311 423 1373 by
446 1310 683 1374 quantity,
707 1309 905 1372 rhythm
926 1310 993 1374 by
1015 1312 1100 1359 the
1122 1312 1331 1360 number
1352 1304 1410 1360 o'f
1434 1311 1687 1374 syllables:
1720 1312 1916 1360 uidetur
1943 1319 2103 1359 autem
2133 1311 2333 1374 rhyth-

354 1407 478 1442 mus
510 1394 675 1442 metris
700 1409 792 1441 esse
818 1393 1092 1452 consimilis,
1128 1408 1251 1456 quae
1279 1400 1347 1441 est
1373 1392 1627 1440 uerborum
1655 1393 1900 1441 modulata
1929 1392 2193 1455 compositio
2221 1408 2335 1439 non

259 1481 324 1539 15
355 1474 598 1522 metrica
625 1474 871 1530 ratione,
902 1474 1003 1522 sed
1031 1489 1273 1522 numero
1304 1474 1664 1536 syllabarum
1693 1474 1765 1521 ad
1794 1472 2081 1523 iudicium
2110 1471 2334 1521 aurium

355 1553 706 1609 examinata,
740 1560 799 1601 ut
826 1561 947 1601 sunt
976 1555 1200 1601 carmina
1232 1554 1519 1616 uulgarium
1542 1561 1813 1616 poetarum.
1884 1561 1928 1602 et
1953 1553 2140 1617 quidem
2164 1552 2332 1614 rhyth-

354 1648 465 1679 mus
490 1633 594 1680 sine
624 1639 772 1681 metro
800 1649 891 1681 esse
912 1639 1077 1695 potest,
1119 1640 1327 1680 metrum
1362 1649 1475 1680 uero
1506 1633 1611 1680 sine
1641 1633 1871 1694 rhythmo
1904 1648 1996 1680 esse
2025 1648 2125 1679 non
2152 1638 2332 1694 potest:

352 1710 483 1773 quod
496 1711 729 1774 liquidius
749 1713 820 1770 ita
842 1712 1089 1774 definitur.
1157 1718 1364 1759 metrum
1393 1717 1460 1759 est
1486 1713 1614 1760 ratio
1642 1728 1753 1759 cum
1783 1712 2133 1767 modulatim&
2163 1711 2331 1772 rhyth-

355 1806 464 1838 mus
484 1792 743 1839 modulatio
762 1793 869 1840 sine
884 1793 1093 1840 ratione:
1113 1792 1399 1854 plerumque
1417 1798 1581 1839 tamen
1602 1807 1717 1839 casu
1735 1792 1943 1854 quodam
1963 1789 2178 1839 inuenies
2191 1790 2333 1837 etiam

257 1883 327 1919 20
355 1871 588 1919 rationem
610 1871 665 1919 in
688 1872 912 1934 rhythmo
933 1888 1033 1920 non
1052 1872 1254 1936 artificis
1284 1871 1603 1920 moderatione
1626 1879 1885 1931 seruatam,
1920 1871 2003 1919 sed
2023 1887 2136 1918 sono
2165 1878 2208 1918 et
2227 1869 2332 1932 ipsa

355 1949 674 1998 modulatione
691 1951 896 2010 ducente,
923 1967 1061 2013 quem
1083 1950 1310 2013 uulgares
1332 1958 1496 2013 poetae
1513 1966 1684 1999 necesse
1701 1958 1767 1999 est
1787 1952 1973 2006 mistice,
1997 1951 2121 1998 docti
2135 1949 2335 2011 faciant

353 2029 478 2076 docte
481 2043 506 2087 ,·
535 2029 761 2092 quomodo
780 2036 825 2077 et
842 2030 912 2077 ad
927 2032 1091 2077 instar
1106 2029 1303 2077 iambici
1328 2031 1473 2077 metri
1489 2029 1818 2092 pulcherrime
1833 2029 2003 2092 sactus
2030 2036 2097 2076 est
2121 2029 2332 2091 hymnus

352 2108 433 2156 ille
452 2109 765 2171 praeclarus:
1177 2123 1181 2128 ’

992 2206 1076 2238 rex
1105 2197 1302 2238 aeterne
1333 2189 1547 2248 domine,

257 2279 322 2336 25
930 2296 937 2303 ·
992 2284 1152 2316 rerum
1185 2275 1374 2317 creator
1408 2269 1641 2328 omniurn,

990 2348 1073 2410 qui
1112 2364 1218 2397 eras
1254 2354 1371 2396 ante
1403 2348 1598 2397 saecula

989 2445 1181 2492 semper
1214 2445 1328 2478 cum
1362 2437 1501 2493 patre
1537 2429 1692 2478 filius:

337 2511 393 2551 ·et
413 2505 507 2553 alii
523 2506 840 2554 Ambrosiani
860 2523 959 2555 non
972 2509 1136 2569 pauci.

450 2585 735 2649 Specimens
779 2586 837 2635 of
872 2587 1166 2649 rhythmical
1207 2587 1388 2649 riming
1420 2603 1557 2636 verse
1595 2603 1678 2636 are
1713 2588 1766 2635 in
1810 2584 2120 2649 Berthgyth's
2163 2587 2329 2636 letters

253 2678 325 2731 30
352 2664 525 2722 (Bonis
545 2668 635 2727 148
664 2680 754 2730 149
775 2682 845 2729 pp
870 2681 1022 2727 312—
1030 2669 1144 2728 314)
1169 2676 1221 2715 to
1242 2668 1332 2716 her
1351 2668 1552 2716 brother
1573 2669 1688 2716 uiue
1710 2669 1882 2716 uniens
1896 2668 2119 2730 feliciter,
2157 2665 2164 2731 Ι
2191 2674 2248 2715 ut
2266 2669 2332 2716 sis

350 2753 545 2794 sanctus
563 2747 857 2809 simpliciter,
890 2744 899 2811 Ι
928 2747 1017 2794 tibi
1036 2749 1171 2795 salus
1177 2755 1272 2810 per
1290 2749 1491 2807 saecula,
1523 2746 1531 2812 Ι
1561 2748 1809 2795 tribuatur
1820 2755 1913 2809 per
1930 2749 2161 2797 culmina.

448 2825 488 2872 P
522 2825 592 2881 16
632 2841 685 2875 11
721 2838 759 2873 A
781 2838 963 2874 suom·
991 2838 1584 2875 ACKNowLEnGEMENT
1606 2838 1677 2875 OF
1699 2838 1845 2874 HELP
1880 2827 2076 2889 printed
2098 2842 2132 2889 p
2158 2824 2264 2875 166.

477 2940 513 2966 ,‚
590 2921 646 2967 13
691 2917 902 2953 FRmND
949 2913 1077 2954 AND·
1115 2918 1279 2954 PUPIL
1322 2917 1575 2955 ECGBERT
1617 2907 1722 2954 uita
1754 2905 1956 2954 Alcuini
1995 2922 2022 2955 2
2062 2922 2096 2969 p
2130 2920 2160 2970 9
2202 2904 2329 2969 Jaffe

350 2986 510 3036 where
540 2987 582 3035 is
611 3003 677 3035 an
708 2995 916 3037 account
941 2988 1000 3036 of
1026 2988 1281 3051 Ecgbert's
1316 2987 1502 3036 school.
1568 2988 1654 3035 He
1679 2994 1789 3035 sent
1821 2986 1981 3035 books
2013 2992 2066 3034 to
2101 2986 2333 3034 Boniface

252 3083 282 3137 3
291 3081 319 3137 5
350 3071 501 3120 Bonis
516 3088 578 3136 ep
606 3087 699 3121 100
729 3089 765 3137 p
788 3084 883 3133 250
902 3071 1042 3136 Jaffe.
1116 3074 1211 3123 See
1231 3073 1318 3121 the
1339 3072 1527 3119 famous
1549 3068 1804 3132 catalogue
1827 3068 1884 3117 of
1910 3066 2054 3115 York
2075 3067 2258 3130 library
2279 3068 2331 3114 in

347 3151 530 3200 Alcuin
552 3154 615 3202 de
636 3153 814 3202 sanctis
838 3154 976 3202 Ebor
1001 3168 1086 3214 152
1095 3152 1267 3214 5—61.

475 3269 511 3294 ‚‚
586 3249 644 3297 14
691 3246 955 3284 WRITTEN
1002 3246 1116 3283 NOT
1154 3246 1308 3282 LONG
1351 3244 1566 3281 BEFORE
1604 3229 1793 3279 BEDA’S
1835 3241 2026 3278 DEATH
2077 3244 2139 3291 30
2193 3243 2330 3291 years

348 3312 469 3364 after
489 3314 575 3363 the
602 3314 752 3363 death
775 3315 833 3362 of
848 3314 1047 3363 Aldfrid
1076 3315 1199 3379 king
1228 3315 1286 3363 of
1310 3314 1362 3362 N
1366 3313 1669 3363 orthumbria
1699 3313 1781 3376 (ep
1809 3312 1873 3360 ad
1903 3312 2044 3373 Ecgb
2078 3310 2130 3358 in
2167 3307 2330 3360 Smith

351 3408 443 3457 309
477 3393 555 3459 51)
601 3396 662 3443 ie
699 3394 822 3443 after
857 3407 945 3458 705
988 3408 1079 3445 AD
1111 3395 1205 3459 (he
1236 3408 1273 3443 v
1307 3411 1384 3458 24,
1422 3409 1478 3459 19
1503 3393 1607 3455 fin).

1942 3523 2128 3575 14———2
