2567 3750
270 218 367 302 22]
640 234 848 284 CEDD
888 232 1164 284 BISHOP
1204 233 1301 283 OF
1331 232 1536 283 EAST
1565 231 1867 286 SAXONS:
2160 222 2234 283 61

268 368 372 427 bus
412 361 642 424 cunctis
680 373 741 423 et
780 361 1175 422 adnuentibus
1227 360 1368 421 fidei
1407 360 1733 438 baptizatus
1774 369 1863 423 est
1902 379 2039 421 cum
2078 360 2164 423 eis
2202 381 2241 423 a

268 464 491 523 Finano
519 461 801 538 episcopo
827 459 891 519 in
916 459 1059 518 uilla
1082 456 1241 535 regia
1270 457 1439 518 cuius
1466 476 1641 534 supra
1667 456 2058 530 meminimus,
2089 476 2242 535 quae

264 557 712 635 cognominatur
756 557 856 615 Ad
903 556 1162 614 Murum.
1247 563 1338 613 est
1385 552 1544 614 enim
1599 552 1763 613 iuxta
1814 570 2065 626 murum,
2121 572 2242 628 quo

266 655 404 715 olim
441 651 703 714 Romani
743 651 1087 712 Brittaniam
1125 650 1379 710 insulam
1414 649 1841 728 praecincxere,
1881 650 1965 713 xii
2005 650 2242 713 milibus

211 769 238 827 5
264 769 540 828 passuum
566 770 605 808 a
630 748 776 808 mari
803 747 1070 808 orientali
1096 758 1337 807 secreta.

382 849 569 926 Igitur
606 866 710 907 rex
748 845 1009 922 Sigberct
1043 844 1265 904 aeterni
1304 840 1468 921 regni
1500 842 1620 904 iam
1656 844 1802 905 ciuis
1829 847 2071 907 effectus
2096 857 2244 907 tem·

264 943 476 1020 poralis
517 942 608 1002 sui
641 940 805 1017 regni
844 941 1049 1000 sedem
1084 939 1272 1015 petiit,
1316 942 1620 1015 postulans
1657 941 1734 1000 ab
1772 941 1960 1003 Osuiu
2000 961 2137 1019 rege
2176 953 2244 1002 ut

266 1038 491 1114 aliquos
540 1035 652 1096 sibi
708 1036 981 1095 doctores
1036 1035 1216 1105 daret,
1266 1033 1371 1110 qui
1423 1046 1659 1111 gentem
1713 1054 1880 1094 suam
1932 1038 2012 1097 ad
2064 1039 2244 1096 fidem

268 1134 482 1195 Christi
536 1142 946 1192 conuerterent
998 1149 1069 1189 ac
1115 1131 1279 1189 fonte
1336 1130 1572 1190 salutari
1623 1131 1939 1194 abluerent.
2039 1143 2100 1191 at
2145 1132 2244 1192 ille

180 1256 241 1293 ιο
266 1231 503 1291 mittens
529 1232 609 1289 ad
633 1227 998 1306 prouinciam
1027 1227 1593 1287 Mediterraneorum
1619 1230 1943 1305 Anglorum
1969 1231 2247 1290 clamauit

265 1326 343 1385 ad
385 1344 449 1385 se
492 1324 685 1383 uirum
732 1322 830 1383 dei
873 1323 1064 1395 Cedd,
1120 1333 1181 1382 et
1222 1323 1366 1383 dato
1412 1323 1495 1382 illi
1543 1324 1706 1385 socio
1753 1325 1936 1385 altero
1982 1327 2245 1401 quodam

266 1420 602 1497 presbytero
630 1418 787 1479 misit
812 1417 1146 1494 praedicare
1181 1420 1430 1477 uerbum
1465 1418 1628 1495 genti
1657 1418 2042 1480 Orientalium
2070 1421 2246 1480 Saxo-

266 1535 424 1575 num.
495 1514 600 1575 ubi
626 1531 763 1574 cum
791 1513 989 1573 omnia
1015 1514 1487 1589 perambulantes
1514 1516 1760 1574 multam
1788 1515 2033 1577 domino
2060 1518 2245 1576 eccle-

265 1610 410 1669 siam
438 1618 905 1685 congregassent,
934 1606 1179 1682 contigit
1203 1617 1469 1684 tempore
1499 1609 1759 1685 quodam
1786 1611 2043 1671 eundem
2070 1613 2246 1674 Cedd

178 1732 236 1789 15
265 1706 450 1765 redire
484 1706 732 1767 domum
768 1723 841 1765 ac
875 1702 1178 1780 peruenire
1213 1704 1293 1762 ad
1330 1705 1639 1764 ecclesiam
1669 1705 2245 1769 Lindisfaronensem

265 1811 502 1880 propter
538 1800 920 1877 conloquium
962 1797 1171 1859 Finani
1211 1798 1487 1877 episcopi.
1573 1801 1676 1878 qui
1702 1802 1807 1861 ubi
1840 1814 2243 1881 prosperatum

267 1901 321 1960 ei
356 1919 511 1976 opus
535 1898 825 1975 euangelii
849 1896 1154 1973 comperit,
1192 1897 1331 1956 fecit
1362 1918 1499 1957 eum
1533 1899 1878 1975 episcopum
1913 1899 1975 1958 in
2008 1911 2245 1977 gentem

235 2047 243 2056 ,
266 1995 654 2057 Orientalium
690 1997 987 2054 Saxonum
1023 1992 1251 2052 uocatis
1277 1995 1357 2053 ad
1383 2013 1445 2053 se
1474 1993 1535 2052 in
1563 1994 1946 2055 ministerium
1974 1995 2246 2056 ordinati·

266 2095 397 2154 onis
422 2092 553 2152 aliis
579 2093 814 2152 duobus
841 2090 1146 2168 episcopis.
1233 2089 1336 2165 qui
1372 2102 1619 2167 accepto
1653 2094 1836 2167 gradu
1872 2092 2246 2169 episcopatus

171 2221 239 2259 20
266 2189 436 2249 rediit
477 2189 557 2247 ad
602 2186 967 2263 prouinciam
1014 2196 1076 2245 et
1115 2185 1337 2245 maiore
1379 2186 1723 2247 auctoritate
1769 2200 2047 2264 coeptum
2094 2208 2245 2266 opus

265 2287 514 2362 explens
567 2282 707 2343 fecit
758 2302 863 2359 per
907 2284 1041 2346 loca
1092 2282 1386 2354 ecclesias,
1442 2284 1810 2360 presbyteros
1855 2296 1917 2346 et
1963 2286 2245 2347 diaconos

262 2379 561 2441 ordinauit
614 2377 717 2455 qui
771 2398 833 2438 se
880 2377 943 2438 in
995 2378 1181 2438 uerbo
1232 2378 1373 2437 fidei
1425 2388 1486 2438 et
1537 2379 1859 2441 ministerio
1912 2381 2245 2458 baptizandi

258 2478 627 2548 adiuuarent,
656 2475 909 2535 maxime
936 2474 998 2534 in
1025 2473 1260 2534 ciuitate
1291 2493 1443 2550 quae
1469 2474 1670 2550 lingua
1700 2477 1998 2536 Saxonum
2024 2478 2245 2537 Ythan-

263 2572 474 2634 caestir
508 2573 850 2649 appellatur,
889 2573 998 2632 sed
1033 2581 1094 2631 et
1124 2570 1187 2630 in
1227 2570 1327 2631 illa
1368 2590 1520 2647 quae
1556 2572 1836 2650 Tilaburg
1871 2574 2245 2650 cognomina-

169 2696 198 2734 2
204 2695 233 2753 5
265 2681 357 2728 tur
378 2690 396 2743 3
435 2685 688 2747 quorum
714 2667 870 2745 prior
895 2669 1063 2728 locus
1089 2677 1179 2726 est
1206 2665 1267 2725 in
1294 2666 1422 2742 ripa
1454 2669 1677 2727 Pentae
1707 2668 1914 2741 amniS,
1948 2671 2244 2731 secundus

263 2764 325 2823 in
359 2764 486 2840 ripa
522 2762 846 2822 Tamensis.
932 2762 995 2822 in
1036 2762 1249 2838 quibus
1286 2763 1539 2822 collecto
1581 2763 1851 2824 examine
1891 2764 2241 2823 famulorum

264 2860 482 2921 Christi
519 2858 888 2935 disciplinam
924 2858 1080 2918 uitae
1116 2858 1411 2935 regulam,
1438 2859 1499 2918 in
1528 2871 1814 2935 quantum
1846 2862 2021 2920 rudes
2047 2861 2243 2920 adhuc

263 2974 472 3032 capere
499 2965 788 3031 poterant,
816 2953 1111 3014 custodire
1139 2954 1359 3014 docuit.

384 3053 660 3126 Cumque
695 3061 959 3127 tempore
996 3070 1118 3110 non
1152 3069 1346 3127 pauco
1382 3049 1445 3110 in
1479 3051 1737 3126 praefata
1770 3049 2074 3126 prouincia
2107 3071 2243 3128 gau-

170 3172 243 3228 30
268 3147 442 3207 dente
494 3166 633 3223 rege
691 3149 1102 3223 congaudente
1154 3147 1433 3208 uniuerso
1486 3150 1712 3225 populo
1762 3148 1920 3212 uitae
1975 3149 2242 3210 caelestis

266 3242 554 3304 institutio
606 3242 968 3302 cotidianum
1022 3253 1280 3303 sumeret
1328 3255 1727 3320 augmentum,
1766 3245 2011 3322 contigit
2047 3246 2239 3322 ipsum

268 3358 462 3418 regem
503 3338 816 3417 instigante
858 3337 1125 3399 omnium
1168 3340 1460 3400 bonorum
1501 3338 1743 3400 inimico
1777 3340 2237 3427 propinquorum

1043 3454 1089 3492 ’Β
1119 3456 1351 3506 custodiri
1367 3470 1460 3505 ms.

2291 2286 2342 2330 Q
