2567 3750
333 66 458 148 (27)
477 76 522 119 ‘=
543 90 573 128 2
580 67 639 150 5]
712 85 1124 162 CUDBERCJ',
1164 84 1441 135 BJSHOP
1476 86 1571 136 oF
1597 86 2119 135 LJNDJSFARNE.
2191 86 2296 145 151

328 213 517 273 insula
542 213 896 290 permodica,
927 233 1079 289 quae
1105 215 1430 290 appellatur
1467 216 1652 273 Fame
1691 224 1748 272 et
1776 215 1852 272 ab
1878 216 2089 272 eadem
2126 192 2303 272 eccle-

328 310 414 368 sia
446 329 665 369 nouem
701 311 881 369 ferme
917 310 1155 369 milibus
1193 330 1472 385 passuum
1514 311 1575 369 in
1613 330 1839 369 oceano
1875 312 2081 386 procul
2117 311 2299 381 abest,

326 405 510 465 uitam
564 404 882 465 solitariam
935 425 1040 482 per
1091 425 1282 465 annos
1329 408 1524 483 plures
1568 406 1629 463 in
1674 425 1887 481 magna
1936 405 2195 481 corporis
2245 415 2304 462 et
2389 394 2392 399 ’

327 502 537 562 mentis
591 501 954 562 continentia
1007 504 1267 561 duxerat.
1367 503 1469 578 qui
1513 501 1752 577 quidem
1798 520 1833 559 a
1881 501 2066 576 prima
2112 511 2302 559 aetate

263 616 295 675 5
326 599 609 674 pueritiae
663 599 859 658 studio
912 599 1217 674 religiosae
1271 598 1429 658 uitae
1484 618 1715 675 semper
1758 599 2019 668 ardebat,
2071 598 2176 656 sed
2224 599 2300 656 ab

330 693 569 753 ineunte
624 693 1025 754 adulescentia
1070 694 1485 752 monachicum
1535 706 1593 754 et
1644 713 1860 752 nomen
1910 693 2194 752 adsumsit
2244 702 2303 751 et
2367 704 2371 711 '

326 790 607 850 habitum.
690 790 928 849 intrauit
954 802 1151 849 autem
1180 791 1369 866 primo
1399 791 1820 850 monasterium
1853 791 2112 861 Mailr08‚
2138 790 2300 864 quod

327 884 390 943 in
416 884 542 960 ripa
567 885 746 945 Tuidi
773 885 1027 946 fluminis
1054 887 1307 962 positum
1339 898 1479 946 tunc
1507 888 1693 946 abbas
1725 890 1875 946 Eata
1911 886 2001 945 uir
2037 887 2302 946 omnium

329 980 828 1040 mansuetissimus
856 1001 925 1040 ac
955 982 1413 1057 simplicissimus
1442 984 1694 1058 regebat,
1726 983 1827 1059 qui
1855 993 2063 1058 postea
2082 983 2302 1057 episco-

230 1097 301 1135 10
328 1084 436 1150 pus
467 1075 954 1151 Hagustaldensis
983 1076 1107 1135 siue
1137 1076 1627 1136 Lindisfamensis
1660 1078 1940 1136 ecclesiae
1968 1079 2155 1135 factus
2193 1088 2297 1148 est,

328 1182 393 1228 ut
437 1189 610 1245 supra
657 1171 1127 1243 memorauimus,
1171 1171 1267 1230 cui
1314 1183 1578 1247 tempore
1619 1172 1720 1232 illo
1752 1173 2081 1249 propositus
2120 1172 2300 1232 Boisil

327 1284 668 1340 magnarum
727 1264 1010 1323 uirtutum
1066 1277 1125 1325 et
1179 1267 1507 1342 prophetici
1562 1267 1793 1343 spiritus
1848 1270 2119 1327 sacerdos
2174 1268 2294 1327 fuit.

327 1362 498 1421 huius
537 1352 910 1437 discipulatui
945 1364 1244 1422 Cudberct
1272 1364 1567 1423 humiliter
1594 1365 1879 1436 subditUS,
1910 1377 1970 1424 et
1997 1365 2298 1425 scientiam

326 1457 403 1514 ab
431 1473 503 1513 eo
532 1453 943 1528 scripturarum
970 1466 1031 1514 et
1058 1457 1348 1514 bonorum
1376 1476 1620 1532 operum
1650 1458 1856 1517 sumsit
1884 1460 2167 1534 exempla.

224 1560 329 1638 ,15‘
449 1549 569 1624 Qui
611 1560 926 1625 postquam
972 1550 1241 1626 migrauit
1283 1553 1360 1610 ad
1406 1553 1730 1625 dominum,
1768 1555 2065 1614 Cudberct
2106 1553 2298 1613 eidem

328 1646 682 1708 monasterio
727 1647 913 1705 factus
948 1647 1282 1723 propositus
1320 1650 1514 1723 plures
1553 1659 1611 1708 et
1653 1650 1994 1710 auctoritate
2042 1650 2299 1727 magistri

326 1751 387 1800 et
429 1743 699 1816 exemplo
747 1759 888 1799 suae
935 1741 1181 1800 actionis
1223 1745 1542 1820 regularem
1590 1744 1927 1818 instituebat
1972 1747 2051 1804 ad
2096 1745 2293 1804 uitam.

327 1857 439 1899 nec
486 1840 676 1899 solum
709 1837 820 1914 ipsi
860 1839 1213 1898 monasterio
1250 1840 1524 1915 regularis
1565 1840 1721 1900 uitae
1763 1840 1988 1900 monita
2023 1840 2196 1900 simul
2238 1853 2296 1901 et

327 1935 596 2010 exempla
621 1933 952 2009 praebebat,
985 1934 1088 1992 sed
1130 1945 1190 1993 et
1217 1937 1428 2011 uulgus
1455 1936 1932 2011 circumpositum
1960 1938 2133 2012 longe
2160 1940 2299 2014 late-

229 2058 300 2095 20
329 2047 443 2105 que
486 2048 523 2087 a
565 2028 688 2087 uita
731 2030 940 2087 stultae
984 2030 1426 2091 consuetudinis
1468 2034 1545 2091 ad
1582 2032 1918 2092 caelestium
1949 2033 2295 2109 gaudiorum

327 2134 667 2184 conuertere
715 2124 955 2183 curabat
1003 2145 1278 2187 amorem.
1384 2147 1523 2187 nam
1567 2140 1626 2188 et
1671 2130 1839 2188 multi
1886 2131 2062 2189 fidem
2112 2151 2290 2206 quam

326 2222 623 2281 habebant
650 2220 863 2296 iniquis
892 2224 1277 2297 profanabant
1307 2226 1595 2300 operibuS,
1628 2238 1688 2285 et
1728 2227 1906 2302 aliqui
1947 2228 2122 2285 etiam
2156 2239 2297 2288 tem·

326 2337 468 2394 pore
516 2319 898 2390 mortalitatiS,
944 2320 1223 2395 neglectis
1270 2322 1409 2380 fidei
1460 2323 1831 2381 sacramentis
1876 2323 2089 2398 quibus
2132 2338 2296 2384 erant

325 2414 532 2487 inbuti,
587 2414 663 2473 ad
720 2415 958 2473 erratica
1011 2416 1313 2477 idolatriae
1378 2418 1769 2478 medicamina
1837 2423 2295 2494 concurrebant;

230 2539 295 2597 25
327 2512 494 2588 quasi
530 2512 766 2571 missam
808 2532 846 2570 a
881 2513 995 2572 deo
1025 2515 1329 2573 conditore
1357 2517 1589 2590 plagam
1617 2535 1722 2590 per
1748 2515 2173 2576 incantationes
2200 2519 2295 2576 uel

325 2609 620 2685 fylacteria
660 2611 754 2668 uel
795 2610 908 2668 alia
944 2611 1241 2685 quaelibet
1278 2612 1695 2671 daemoniacae
1731 2613 1867 2672 artis
1903 2633 2113 2674 arcana
2140 2615 2296 2673 cohi-

327 2707 462 2765 bere
500 2706 777 2765 ualerent.
861 2707 938 2764 ad
981 2717 1364 2782 utrorumque
1412 2727 1551 2783 ergo
1598 2707 2007 2784 corrigendum
2044 2729 2295 2769 errorem

325 2804 529 2863 crebro
557 2803 684 2879 ipse
712 2804 786 2862 de
815 2803 1171 2862 monasterio
1199 2822 1478 2879 egressus,
1509 2803 1859 2879 aliquotiens
1888 2825 2044 2880 equo
2082 2807 2295 2868 sedens

326 2898 429 2956 sed
456 2896 689 2971 saepius
716 2897 898 2971 pedes
925 2897 1222 2969 incedens,
1252 2897 1693 2973 circumpositas
1723 2898 1997 2958 ueniebat
2024 2901 2103 2959 ad
2130 2900 2295 2959 uillas

231 3016 302 3072 30
327 3002 386 3050 et
412 2990 569 3050 uiam
596 2990 855 3050 ueritatis
881 2992 1258 3066 praedicabat
1301 2994 1650 3067 errantibus;
1692 2995 1853 3069 quod
1878 2994 2083 3070 *ipsum
2121 2994 2295 3053 etiam

330 3085 506 3148 Boisil
546 3104 654 3144 suo
687 3096 951 3161 ternpore
992 3086 1181 3146 facere
1219 3098 1618 3146 consueuerat.
1704 3099 1826 3146 erat
1863 3088 2081 3163 quippe
2119 3088 2296 3147 moris

316 3201 400 3242 Aeo
434 3193 697 3256 tempore
726 3181 958 3256 populis
986 3184 1331 3256 Anglorum,
1359 3193 1424 3240 ut
1452 3182 1726 3241 ueniente
1757 3182 1816 3239 in
1845 3182 2043 3241 uillam
2085 3183 2294 3242 clerico

453 3292 476 3326 ⁶
506 3295 718 3357 religiose
746 3309 838 3343 ms.
1074 3293 1117 3325 ²⁶
1149 3294 1447 3342 daemonicae
1476 3310 1567 3343 ms,
1817 3292 1859 3324 ²⁹
1889 3295 2043 3355 sepius
2073 3308 2161 3342 ωε.
