2567 3750
413 184 525 272 ²27]
819 192 1155 252 JNCANTA
1168 201 1387 253 TJONS
1425 203 1589 251 ΑΜ)
1636 202 1946 253 CHARMS.
2258 204 2374 264 379

406 337 552 385 bibcte
584 333 881 396 nosmetipsos
917 333 979 380 ab
1015 331 1152 380 omni
1185 331 1321 379 cultu
1359 338 1665 393 paganorum
1690 364 1703 378 .
1730 364 1742 377 .
1767 332 2004 401 diuinos
2055 331 2151 383 uel
2206 332 2374 381 sorti-

405 417 569 479 legos
598 412 898 462 sacrificia
930 417 1288 460 mortuorum
1315 426 1414 459 seu
1441 411 1702 458 lucorum
1732 412 1825 459 uel
1855 411 2104 460 fontium
2130 410 2377 474 auguria

403 496 499 545 uel
531 493 835 544 filacteria
873 499 930 542 et
965 492 1370 541 incantatores
1400 498 1455 540 et
1481 491 1801 549 ueneficos,
1836 493 1895 540 id
1929 499 2015 541 est
2048 492 2369 551 maleficos,

404 583 460 625 et
503 574 955 624 obseruationes
1002 570 1346 634 sacrilegas,
1402 587 1548 635 quae
1599 571 1659 619 in
1700 572 1915 621 uestris
1964 572 2190 620 sinibus
2237 571 2376 619 fieri

304 662 312 670 ‘
340 670 372 729 5
403 656 694 714 solebant,
737 655 935 702 omnino
956 644 1230 716 ¹respuentes
1259 661 1402 716 alque
1430 643 1674 701 abicientes
1703 659 1800 701 tota
1835 654 2005 702 mentis
2026 655 2287 704 intentione
2312 655 2383 704 ad

400 736 542 785 deum
563 734 918 784 convertimini.
983 733 1035 782 ib
1060 748 1122 796 ep
1145 747 1204 795 42
1229 749 1264 797 p
1294 748 1379 789 115
1415 732 1665 797 (Boniface
1687 741 1740 783 to
1762 750 1893 798 pope
1916 735 2149 798 Zachary)
2186 735 2378 785 Franks

400 817 499 866 and
523 817 787 865 Bavarians
812 815 910 863 and
933 815 1198 863 Alamanni
1228 814 1405 862 defend
1430 816 1512 863 the
1540 831 1712 879 usages
1740 816 1903 864 which
1932 832 2007 864 we
2035 818 2277 867 condemn
2308 816 2377 879 by

400 900 485 948 the
506 913 668 962 pagan
690 897 985 946 ceremonies
1006 913 1120 945 seen
1142 903 1192 945 at
1215 897 1376 945 Rome
1399 912 1465 945 on
1493 911 1512 944 1
1536 898 1646 960 Jan.
1672 897 1842 945 dicunt
1860 914 2043 961 quoque
2065 914 2124 947 se
2152 898 2375 946 uidisse

401 980 485 1028 ibi
523 979 804 1027 mulieres
839 993 1070 1041 pagano
1113 977 1229 1025 ritu
1268 977 1574 1027 filacteria
1611 983 1667 1026 et
1703 977 1993 1041 ligaturas
2028 984 2083 1026 et
2121 978 2181 1027 in
2214 978 2374 1026 brac-

302 1065 375 1104 10
402 1059 555 1109 chiis
603 1066 659 1108 et
706 1058 766 1106 in
810 1057 1082 1106 cruribus
1127 1057 1347 1120 ligatas
1389 1058 1608 1107 habere
1645 1065 1701 1107 et
1742 1058 1981 1123 publice
2019 1058 2089 1106 ad
2124 1058 2375 1107 uenden-

401 1139 537 1187 dum
569 1137 812 1186 uenales
850 1136 920 1184 ad
965 1137 1421 1200 comparandum
1466 1138 1604 1187 aliis
1642 1138 1878 1188 offerre.
1945 1138 2163 1200 Zachary
2200 1137 2377 1201 replies

368 1237 375 1242 ·
399 1221 452 1270 ib
475 1237 536 1283 43
559 1237 593 1284 p
623 1234 712 1270 120
732 1220 825 1269 end
852 1219 870 1278 (
877 1234 897 1266 1
924 1220 1035 1282 Apr
1057 1217 1166 1281 743)
1190 1220 1247 1268 de
1261 1220 1479 1267 kalendis
1499 1236 1611 1268 uero
1630 1220 1889 1269 Ianuariis
1910 1221 1990 1269 uel
2012 1219 2173 1268 ceteris
2203 1234 2374 1281 augu-

399 1303 506 1353 riis
539 1302 862 1352 filacteriis
900 1308 958 1350 et
989 1300 1513 1350 incantationibus
1556 1303 1637 1350 uel
1663 1302 1778 1350 aliis
1808 1302 2010 1350 dz'uersss·
2040 1301 2375 1349 obseruationi-

402 1385 502 1440 bus,
537 1399 660 1447 quae
683 1382 858 1445 gentili
890 1396 1020 1430 more
1046 1382 1296 1430 obsemari
1322 1381 1495 1429 dixisti
1516 1383 1655 1445 apud
1677 1383 1862 1431 beatum
1886 1384 2086 1431 Petrum
2113 1383 2376 1445 apostolum

301 1464 367 1522 15
398 1466 479 1513 uel
497 1465 552 1513 in
573 1464 690 1512 urbe
711 1463 883 1522 Roma,
913 1495 927 1509 .
954 1496 966 1509 .
993 1496 1006 1509 .
1030 1461 1138 1510 ilico
1164 1462 1331 1511 omnia
1361 1461 1473 1510 hacc
1504 1463 1885 1525 amputauimus.
1956 1464 2009 1512 ib
2030 1474 2092 1525 47
2124 1478 2159 1527 p
2186 1464 2274 1515 128
2307 1462 2377 1524 (in

396 1559 429 1592 a
460 1543 654 1592 council
690 1542 806 1591 held
842 1556 898 1589 21
926 1541 1036 1604 Apr
1073 1540 1181 1603 742)
1217 1557 1363 1604 every
1396 1542 1467 1604 bp
1500 1550 1631 1592 must
1667 1543 1782 1592 take
1814 1544 1938 1593 heed
1974 1551 2034 1593 ut
2055 1547 2267 1609 populus
2298 1544 2378 1592 dei

396 1622 682 1686 paganias
734 1636 835 1669 non
861 1621 1042 1683 faciat,
1090 1620 1173 1668 sed
1210 1628 1268 1668 ut
1308 1635 1468 1668 omnes
1508 1621 1767 1684 spurcitias
1796 1623 2084 1686 gentilitatis
2120 1623 2295 1672 abiciat
2333 1629 2379 1671 et

399 1706 602 1762 respuat.
673 1702 776 1748 siue
809 1699 1046 1763 sacm'ficia
1083 1706 1385 1748 mortuorum
1426 1700 1554 1749 siue
1599 1701 1921 1764 sortilegos
1976 1701 2074 1750 uel
2133 1701 2373 1751 diuinos

397 1783 522 1831 siue
575 1780 880 1830 filacteria
932 1786 987 1829 et
1031 1779 1277 1843 auguria
1320 1779 1447 1828 siue
1488 1779 1933 1829 incantationes
1975 1780 2102 1830 siue
2143 1780 2377 1829 hostias

298 1868 372 1907 20
398 1860 1021 1911 immolaticias.....siue
1048 1860 1156 1908 illos
1185 1860 1435 1923 sacn'legvs
1472 1860 1616 1924 ignes,
1653 1878 1769 1924 quos
1802 1861 2009 1925 niedseor
2041 1866 2232 1921 uocant,
2272 1860 2376 1909 siue

397 1957 570 1999 omnes,
598 1955 916 2004 quaecumque
941 1946 1074 1995 sunt,
1097 1954 1462 2003 paganorum
1494 1940 1954 1992 obseruationes
1986 1941 2238 2005 dilzgaenter
2254 1948 2371 2004 pro-

397 2022 606 2071 hibeant.
664 2021 717 2069 ib
742 2033 804 2084 70
824 2036 858 2085 p
884 2036 973 2069 2ο2
1012 2018 1122 2083 (748
1157 2019 1279 2069 after
1300 2021 1434 2083 May,
1464 2021 1695 2071 Boniface
1718 2029 1771 2070 to
1793 2022 1891 2085 abp
1916 2022 2175 2081 Cuthbert)
2204 2024 2374 2071 statui-

396 2119 508 2152 mus
535 2108 596 2151 ut
621 2102 831 2166 singulis
860 2102 1013 2150 annis
1043 2102 1371 2165 unusquisque
1403 2102 1638 2165 episcopus
1664 2102 1975 2164 parrochiam
2010 2118 2151 2150 suam
2183 2102 2377 2152 sollicite

395 2184 668 2242 circumeat,
687 2183 923 2245 populum
945 2181 1232 2244 confirmare
1249 2187 1294 2229 et
1313 2182 1466 2244 plebes
1496 2184 1714 2233 docerect
1744 2182 2118 2245 inuestigare
2156 2190 2216 2233 et
2246 2198 2372 2246 pro·

295 2279 364 2336 25
395 2265 599 2314 hibere
622 2279 881 2328 paganas
902 2261 1353 2312 obseruationes
1387 2262 1626 2312 diuinos
1656 2263 1752 2313 uel
1779 2262 2103 2327 sortilegos
2125 2264 2375 2326 auguria

396 2343 705 2392 filacteria
760 2342 1213 2391 incantationes
1255 2342 1352 2391 uel
1408 2357 1613 2391 omnes
1669 2343 1990 2406 spurcitias
2042 2343 2372 2405 gentilium.

396 2424 451 2473 cf
465 2423 724 2472 willibald
746 2423 850 2471 uita
873 2422 1025 2471 Bonis
1041 2420 1072 2471 6
1097 2425 1149 2486 (p
1174 2435 1265 2483 452
1286 2420 1427 2485 Jaffe,
1459 2423 1691 2473 Boniface
1713 2425 1903 2487 cutting
1924 2425 2071 2473 down
2094 2425 2177 2475 the
2206 2426 2375 2475 ‘robur

397 2502 592 2563 Iouis’).
665 2503 817 2551 Bonif
841 2518 970 2552 serm
1007 2502 1038 2551 6
1072 2502 1264 2565 (Migne
1298 2514 1515 2551 Lxxxlx
1546 2503 1659 2563 855)
1696 2511 1999 2552 enumerates
2031 2504 2242 2566 auguria
2274 2504 2373 2554 and

390 2583 687 2645 phylacteria
709 2597 890 2645 among
912 2581 1182 2645 sacrileges·
1254 2582 1372 2644 Aug
1394 2583 1603 2631 Werner
1616 2582 1894 2632 Bonifacius
1910 2583 2081 2647 (Leipz
2102 2583 2242 2646 1875)
2264 2579 2367 2647 169.

293 2675 369 2731 30
399 2660 507 2726 224.
549 2680 659 2729 239.
697 2663 803 2713 260.
845 2679 935 2726 431
973 2661 1130 2724 (end).
1196 2678 1322 2712 conc
1354 2663 1493 2712 Trull
1528 2662 1619 2726 692
1654 2680 1681 2712 c
1705 2663 1761 2713 61
1802 2665 1982 2723 (Bruns
2005 2676 2024 2712 1
2052 2678 2128 2725 55.
2196 2664 2373 2713 Hefele

398 2744 800 2807 Conciliengesch
822 2735 912 2792 1'11'
936 2744 1048 2806 338)
1080 2744 1347 2792 condemns
1368 2745 1509 2793 those
1530 2746 1644 2794 who
1674 2745 1785 2793 lead
1815 2746 1964 2794 about
1987 2746 2128 2798 bears
2156 2762 2215 2796 or
2233 2747 2376 2796 other

396 2832 636 2874 creatures
658 2825 842 2885 [whose
864 2824 973 2871 hair
994 2839 1093 2871 was
1115 2824 1224 2872 sold
1245 2840 1300 2873 as
1321 2825 1563 2874 medicine
1585 2841 1642 2873 or
1661 2826 1890 2886 amulets]
1912 2827 2017 2875 also
2033 2827 2117 2875 the
2138 2828 2374 2877 so·called

396 2909 712 2965 νεφοδιώκτας
743 2907 820 2954 καὶ
839 2906 1099 2966 ‘rom-cvras
1135 2907 1211 2953 καὶ
1257 2908 1687 2967 φυλακτηρίους
1732 2909 1808 2954 καὶ
1854 2907 2060 2964 μάντεις.
2133 2908 2372 2957 Haddan-

398 2985 583 3034 Stubbs
604 2997 670 3033 111
696 2988 787 3048 385
811 3001 845 3033 n
869 2998 914 3046 5.
943 2983 1037 3046 424
1061 2982 1344 3047 Ecgberct's
1366 2986 1655 3048 penitential
1678 2997 1704 3047 7
1730 2985 1761 3035 6
1793 2986 1971 3035 mulin
1988 2987 2034 3033 si
2052 2986 2376 3035 diuinationes

289 3076 362 3133 35¹
380 3065 552 3130 jecerit
581 3067 663 3114 uel
690 3065 1134 3115 incantationes
1166 3065 1512 3125 diabolicas,
1552 3082 1710 3115 unum
1742 3083 1936 3115 annum
1965 3068 2046 3115 uel
2073 3068 2133 3115 iii
2162 3068 2374 3130 quadra-

389 3148 595 3211 gesimas
615 3148 694 3196 uel
718 3148 1047 3212 quadraginta
1077 3148 1174 3195 dies
1193 3136 1335 3196 iuxta
1367 3148 1648 3211 qualitatem
1681 3149 1858 3212 culpae.
1928 3148 2129 3212 chapter
2146 3151 2180 3197 -8
2202 3149 2244 3198 is
2283 3150 2372 3199 ‘de

394 3228 606 3291 auguriis
626 3228 707 3277 uel
729 3228 1110 3276 ‹liuinationibus
1125 3225 1137 3248 ’
1160 3228 1257 3275 and
1279 3236 1381 3277 sect
1403 3248 1434 3290 4
1468 3229 1509 3277 is
1531 3230 1748 3279 directed
1770 3230 1959 3293 against
1987 3217 2179 3279 diuinos
2208 3246 2371 3294 prae·

396 3314 744 3366 cantatores,
783 3301 1090 3355 filacteria
1122 3309 1266 3356 etiam
1301 3308 1619 3358 diabolica.
1687 3310 1903 3358 Roskoff
1927 3310 2091 3359 Gesch
2124 3310 2211 3358 des
2243 3310 2370 3357 Teu·

393 3385 487 3436 sels
531 3387 704 3450 (Leipz
746 3385 886 3452 1869)
940 3401 1048 3451 293·
1107 3389 1198 3451 298
1244 3388 1425 3449 (where
1458 3389 1522 3439 he
1559 3390 1678 3439 cites
1725 3389 1890 3440 Caroli
1926 3388 2097 3452 Magni
2134 3387 2372 3452 capitular
