2567 3750
258 228 377 284 394
763 222 1081 272 MUTUAL
1124 224 1688 275 INTERCESSJON.
2098 206 2240 289 [App

253 353 390 402 illius
409 352 469 403 ab
489 352 567 401 his
585 352 676 415 qui
692 359 933 401 nouerant
949 351 1260 413 z'nuestegans,
1286 366 1492 413 quorum
1513 352 1656 400 ettam
1680 351 1883 400 nomina
1912 351 1969 402 in
1997 352 2097 415 apso
2118 352 2242 402 libro

253 434 501 499 aliquoties
530 434 585 482 ob
617 432 853 481 indicium
882 439 1065 480 certum
1097 431 1313 494 cognitae
1342 432 1559 480 um'tatzlr
1587 431 1872 495 apponenda
1906 431 2137 492 indecaui,
2173 432 2243 481 sic

254 516 446 564 demum
477 515 550 563 ad
574 513 822 563 schedulas
858 527 1064 562 manum
1108 512 1293 560 mittere
1334 512 1522 576 incipzo.
1589 519 1646 561 at
1682 513 1857 577 digesto
1899 513 2121 576 opusculo
2161 513 2249 561 sed

253 594 414 643 adhue
461 600 638 642 retento
682 595 739 642 in
781 594 1016 642 schedulis
1044 592 1333 657 frequenter
1373 598 1420 640 et
1460 593 1839 642 reuerentissimo
1867 592 2039 657 fratri
2079 599 2244 642 nostro

257 674 512 738 Herefrido
543 674 814 739 preslgrtero
855 675 950 724 huc
990 673 1285 723 aduentanti
1322 679 1367 722 et
1395 673 1523 730 alias,
1555 675 1646 737 qui
1670 674 1856 724 datius
1883 690 1996 723 cum
2027 674 2139 723 uim
2167 673 2248 722 dei
2316 676 2349 736 5

256 755 525 804 conuersata·
553 755 709 803 uitam
741 755 879 804 illius
907 757 1081 817 optime
1111 761 1366 814 nouerant,
1403 770 1525 818 quae
1553 756 1725 817 scripsi
1764 756 1957 819 legenda
2000 762 2143 820 atque
2181 771 2246 804 ex

257 841 460 897 tempore
493 834 806 883 retractanda
837 832 1067 900 praestiti
1098 850 1157 884 ac
1191 835 1437 884 nonnulla
1472 835 1545 883 ad
1575 835 1840 885 arbitrium
1874 853 2055 898 eorum,
2086 844 2246 903 prout

257 917 564 975 radebantur,
589 917 780 964 sedulus
801 915 1068 965 emendaui.

356 995 397 1044 P
420 994 528 1052 166
556 1006 582 1057 7
605 1007 755 1045 VERA
776 1007 885 1044 mx
908 1007 1208 1046 msronnuz
1228 1013 1263 1061 p
1290 998 1391 1059 501
1415 1012 1492 1048 αα.

387 1112 425 1136 ,,
501 1091 560 1125 10
592 1088 931 1126 PRAETEREA.
1003 1077 1127 1125 This
1147 1077 1312 1127 clause
1334 1077 1375 1126 is
1397 1078 1449 1127 in
1471 1084 1601 1128 most
1622 1090 1723 1129 uss
1744 1077 1922 1142 placed
1948 1084 2001 1127 at
2029 1077 2114 1127 the
2143 1079 2246 1128 end
2276 1087 2354 1127 10

259 1158 318 1207 of
341 1158 426 1208 the
452 1157 548 1207 last
576 1157 712 1206 book
742 1156 801 1207 of
821 1157 907 1206 the
934 1157 1135 1220 history.
1204 1156 1410 1208 Smith's
1439 1165 1555 1208 note
1588 1160 1792 1208 thereon
1821 1159 1891 1218 is;
1922 1159 2009 1207 diu
2029 1158 2246 1211 mirabar

258 1240 390 1289 unde
410 1246 485 1289 tot
507 1239 701 1288 codices
722 1239 850 1288 hanc
871 1238 1139 1287 clausulam
1161 1246 1401 1302 ponerent
1422 1238 1474 1287 in
1492 1238 1587 1288 fine
1607 1239 1840 1289 historiae
1860 1246 2031 1289 contra
2052 1238 2247 1302 optima

258 1319 572 1385 exemplaria.
641 1320 730 1369 sed
759 1319 999 1370 accedens
1026 1319 1228 1371 tandem
1257 1320 1324 1368 ad
1352 1331 1423 1368 us
1448 1319 1799 1368 Cottonianum
1822 1331 1843 1367 1
1865 1319 2030 1368 inueni
2050 1318 2244 1368 hiatum

258 1399 355 1449 hoc
390 1399 504 1450 loco
541 1399 784 1467 relictum,
821 1405 872 1448 et
910 1398 1178 1446 clausulam
1217 1398 1271 1446 in
1312 1399 1520 1447 obscuro
1556 1398 1621 1447 ad
1656 1397 1806 1448 finem
1840 1397 1956 1447 libri
1987 1398 2237 1448 insertam.

257 1479 430 1528 habuit
473 1479 634 1528 scriba
674 1493 793 1542 prae
835 1477 990 1527 oculis
1033 1476 1284 1540 exemplar
1317 1476 1624 1540 primaeuum
1657 1476 1738 1525 cui
1770 1477 2103 1526 contradicere
2137 1491 2242 1526 non
2275 1489 2352 1549 15

258 1575 404 1609 ausus
441 1567 529 1619 est,
570 1559 659 1609 sed
696 1557 891 1607 fuerunt
928 1558 1053 1607 forte
1090 1557 1188 1607 alia
1225 1556 1404 1621 quibus
1440 1557 1590 1606 ctiam
1627 1563 1744 1608 tuuc
1781 1558 2017 1622 temporis
2052 1573 2245 1608 morem

258 1641 475 1705 gerebat.
541 1654 781 1704 suspenso
811 1639 960 1702 igitur
990 1638 1173 1689 iudicio
1206 1638 1476 1688 clausulam
1512 1639 1578 1688 ad
1619 1653 1849 1702 praesens
1885 1638 2120 1703 reposuit,
2153 1639 2246 1689 ubi

258 1722 484 1786 neglecta
504 1721 683 1770 dehinc
704 1720 869 1770 iacens
890 1720 1119 1769 omnibus
1138 1719 1224 1785 qui
1244 1720 1377 1769 hunc
1400 1731 1475 1770 Ms
1496 1719 1801 1783 sequioribus
1823 1720 2000 1770 seculis
2028 1719 2243 1784 exscrip-

258 1811 426 1854 serunt
447 1802 640 1853 errandi
663 1802 971 1852 occasionem
993 1803 1146 1852 dedit.

388 1920 424 1944 ‚,
500 1896 557 1946 15
591 1895 747 1934 Locrs
781 1895 1210 1933 svnmmomnvs
1245 1883 1368 1932 such
1400 1898 1456 1932 as
1493 1882 1815 1945 Canterbury‚
1850 1881 2008 1942 York‚
2047 1880 2244 1932 Lindis·
2274 1896 2355 1935 20

389 2079 425 2105 „
500 2055 557 2107 17
592 2055 1044 2095 rnrnncizssroms
1066 2044 1168 2109 cfp
1190 2057 1249 2107 45
1274 2045 1295 2094 1
1322 2055 1505 2107 15—17
1529 2060 1580 2093 n.
1646 2060 1681 2108 p
1714 2058 1803 2110 119
1828 2044 1848 2092 1
1878 2058 1937 2093 αι
1970 2059 2021 2093 n.
2089 2058 2125 2107 p
2152 2043 2244 2104 167

258 2127 279 2175 l
301 2136 352 2188 7.
417 2126 571 2176 mirac
604 2126 773 2176 Cuthb
808 2126 955 2190 praef
982 2126 1121 2187 (end)
1157 2132 1210 2175 to
1240 2125 1375 2189 John
1403 2124 1488 2173 the
1517 2125 1797 2188 presbyter:
1829 2124 2019 2183 obsecro,
2047 2138 2158 2172 cum
2178 2123 2255 2171 ad

258 2209 711 2281 limina-beatotum
741 2209 1061 2272 apostolorum
1092 2208 1173 2257 deo
1193 2212 1465 2270 protegente
1482 2208 1774 2271 peruenerit,
1813 2221 1918 2270 pro
1948 2220 2037 2254 me
2068 2205 2190 2255 inte
2198 2220 2247 2254 r·

258 2291 468 2342 cedere
490 2291 779 2341 meminens.
848 2305 911 2354 ep
934 2290 999 2339 ad
1021 2289 1345 2338 Nothelmum
1362 2287 1549 2349 (before
1577 2287 1651 2335 ‘in
1671 2287 1825 2337 libros
1845 2302 2016 2351 regum
2028 2285 2245 2351 quaestt’
2276 2302 2307 2344 2
2314 2298 2351 2360 5

258 2371 433 2435 Migne
450 2382 546 2420 xcl
566 2370 699 2433 716⁸)
719 2371 775 2419 in
795 2370 968 2435 quibus
987 2369 1203 2418 ea’delicct
1221 2368 1455 2431 res-pomis
1470 2366 1591 2432 quia
1605 2368 1709 2416 tuis
1720 2367 2029 2430 petionibus
2046 2365 2249 2428 uestigia

247 2458 460 2513 patrum
479 2466 673 2514 sequens
691 2450 961 2514 satisfacere
977 2449 1155 2510 studui,
1175 2456 1349 2514 precor
1372 2455 1431 2498 ut
1462 2449 1614 2497 uicem
1647 2447 1850 2497 debitam
1885 2454 2076 2497 nostrae
2106 2447 2247 2496 deuo·

257 2531 387 2580 tz‘oni
403 2532 603 2580 reddens
622 2546 726 2594 pro
757 2531 1050 2596 sospitate
1082 2532 1271 2580 nostri
1299 2537 1360 2579 et
1391 2528 1589 2578 cordis
1620 2535 1678 2578 et
1708 2527 1983 2592 corporis,
2008 2542 2114 2578 una
2133 2541 2248 2575 cum

244 2612 501 2677 fratribus
534 2612 625 2677 qui
658 2611 761 2661 illis
799 2612 857 2660 in
891 2612 1006 2660 locis
1042 2610 1281 2659 uobis-cum
1321 2609 1516 2658 domino
1550 2608 1840 2665 dem-aiunt,
1875 2606 2248 2669 intercedere

259 2694 612 2744 memineris.
676 2693 762 2742 sed
775 2700 821 2742 et
839 2692 887 2741 si
902 2691 1097 2756 quidde
1113 2690 1191 2737 his
1212 2706 1335 2753 quae
1357 2689 1532 2753 scripsi
1559 2689 1724 2751 aptius
1742 2688 1875 2752 forte
1904 2687 2095 2749 alzknhi,
2121 2687 2257 2752 quod
2276 2701 2359 2760 30

244 2774 493 2839 facillime
520 2774 790 2837 contingere
806 2773 998 2837 poterit,
1034 2770 1301 2835 expositum
1332 2770 1593 2830 inuenerit,
1632 2769 1767 2819 nobis
1795 2785 1978 2834 quoque
2003 2769 2090 2818 hoc
2118 2769 2253 2819 ocius

260 2856 347 2903 lzoe
377 2855 614 2903 destinare
644 2870 746 2902 non
770 2853 1014 2916 graueris.
1079 2866 1142 2914 ep
1176 2850 1241 2899 ad
1275 2850 1466 2899 Accam
1500 2850 1630 2911 (end,
1657 2848 1876 2913 prefixed
1900 2855 1956 2906 to
1984 2849 2059 2897 ‘in
2087 2849 2252 2900 Marci

260 2950 422 2998 euang
441 2933 616 3000 expos’
639 2946 759 2984 xes!
788 2940 903 2997 134⁸
923 2933 1113 2996 Migne)
1137 2937 1408 2982 orantem
1441 2948 1548 2996 pro
1580 2933 1755 2982 nobis
1784 2933 2086 2982 sanctimem
2105 2939 2251 2981 tuam

259 3015 464 3065 caelestis
481 3022 663 3079 semper
673 3014 842 3079 gratia
860 3019 1090 3078 protegat.
1161 3013 1246 3062 sed
1268 3020 1316 3062 et
1343 3013 1431 3062 hoc
1460 3019 1574 3063 ante
1601 3014 1768 3063 omnia
1797 3019 1989 3063 cunctos
2017 3012 2109 3076 qui
2133 3013 2253 3061 baa·

248 3097 383 3161 forte
414 3096 589 3145 lecturi
619 3102 738 3144 sunt
771 3095 991 3158 deprecor:
1021 3095 1079 3145 in
1115 3095 1324 3155 domino,
1364 3101 1423 3145 ut
1462 3110 1568 3159 pro
1603 3094 1751 3144 meis
1788 3100 1846 3144 et
1881 3093 2153 3158 corporis
2190 3099 2250 3144 et
2278 3096 2359 3158 35

263 3176 441 3226 animi
477 3175 915 3239 fragilitatibus
953 3176 1107 3239 apud
1140 3176 1303 3239 pium
1335 3176 1594 3225 iudicem
1628 3174 2057 3224 intercessores
2092 3174 2247 3224 exis·

263 3265 387 3306 tere
408 3257 742 3320 dignentur.
800 3272 867 3330 eg
887 3257 953 3306 ad
975 3258 1165 3307 Accam
1188 3257 1321 3318 (end,
1350 3256 1566 3322 prefixed
1587 3264 1640 3306 to
1664 3257 1740 3306 ‘in
1762 3255 1928 3306 Lucae
1950 3272 2111 3322 euang
2129 3258 2251 3321 exp'

263 3335 318 3383 ib
352 3339 487 3398 308⁸)
522 3345 791 3387 orantem
832 3352 939 3401 pro
980 3337 1153 3388 nobis
1187 3345 1410 3387 sanctam
1443 3336 1786 3401 patetm’tateu
1828 3343 2041 3386 uestram
2073 3338 2250 3401 gratia

263 3418 466 3478 superni
491 3417 728 3467 adactor-is
757 3435 1043 3468 con-semare
1067 3425 1212 3483 atque
1238 3420 1312 3468 ad
1335 3419 1646 3483 defensionem
1677 3418 1887 3469 eccles-tae
1912 3434 2031 3469 sacae
2056 3425 2252 3470 samue
