2567 3750
245 259 314 296 22
443 253 720 302 BJSHOP
755 252 1036 300 AEDAN
1067 252 1273 300 SENT
1306 249 1518 301 FROM
1563 252 1715 300 THE
1756 253 1889 302 Sco
1899 254 1993 305 TS.
2089 236 2216 319 [III

239 394 468 459 patrata
506 388 643 441 su‘nt
674 380 904 441 uirtutis
930 380 1274 441 miraculum
1303 401 1584 441 enarrare.
1672 381 1912 458 quidam
1939 384 2015 442 de
2042 382 2221 442 fratri—

238 483 353 540 bus
385 479 880 555 Hagustaldensis
908 478 1192 538 ecclesiae
1220 478 1462 555 nomine
1492 481 1782 552 Bothelm,
1815 481 1916 556 qui
1944 500 2104 559 nunc
2129 501 2219 540 us-

244 597 361 653 que
396 586 675 652 superest,
712 586 851 635 ante
884 594 1108 651 paucos
1143 594 1332 636 annos
1361 575 1503 635 dum
1531 577 1822 636 incautius
1855 579 2004 637 forte
2041 588 2219 637 noctu

239 673 302 730 in
355 671 543 748 glacie
595 671 914 744 incederet,
983 682 1227 746 repente
1286 670 1519 745 corruit,
1584 672 1893 731 brachium
1947 671 2223 732 contr-init

238 787 311 827 ac
338 766 684 845 grauissima
718 769 1007 826 fracturae
1045 767 1228 843 ipsius
1257 766 1456 843 coepit
1482 767 1755 826 molestia
1780 768 2021 844 fatigari,
2051 768 2132 827 ita
2157 780 2222 828 ut
2289 788 2320 847 5

238 882 316 922 ne
344 865 424 923 ad
448 882 519 922 os
548 861 785 937 quidem
813 862 1108 921 adducere
1138 861 1331 938 ipsum
1368 862 1672 922 brachium
1700 864 1990 922 ullatenus
2019 864 2222 923 dolore
2305 896 2314 902 ·

238 970 475 1020 arcente
503 961 739 1018 ualeret.
826 957 929 1032 qui
966 976 1103 1016 cum
1141 957 1239 1017 die
1269 957 1521 1033 quadam
1560 974 1735 1017 mane
1771 958 2001 1018 audiret
2036 978 2219 1017 unum

234 1059 318 1117 de
370 1056 638 1115 fiatribus
684 1056 762 1115 ad
815 1056 1012 1114 locum
1067 1054 1332 1113 eiusdem
1385 1065 1624 1113 sanctae
1669 1055 1858 1113 crucis
1902 1056 2221 1114 ascendere

239 1151 615 1227 disposuisse,
666 1150 893 1225 rogauit
936 1159 1003 1207 ut
1045 1148 1302 1224 aliquam
1356 1148 1469 1208 sibi
1522 1159 1748 1225 partem
1793 1150 1870 1208 de
1915 1148 2221 1225 illoligno

237 1247 561 1308 uenerabili
597 1246 829 1306 rediens
865 1247 1133 1317 adferret,
1174 1246 1412 1306 credere
1450 1264 1513 1306 se
1551 1246 1754 1307 dicens
1794 1247 1930 1322 quia
1965 1266 2073 1322 per
2105 1248 2222 1306 hoc
2255 1268 2324 1306 10

240 1346 501 1404 donante
552 1342 798 1402 domino
847 1344 1096 1401 salutem
1149 1352 1351 1418 posset
1405 1342 1705 1418 consequi.
1805 1343 1944 1403 fecit
1995 1343 2096 1403 ille
2155 1354 2224 1402 ut

238 1455 475 1518 rogatus
524 1449 615 1499 est
663 1449 722 1498 et
764 1457 1034 1498 reuersus
1087 1439 1168 1496 ad
1197 1456 1528 1514 uesperam
1583 1438 1926 1499 sedentibus
1978 1430 2097 1497 iam
2143 1440 2221 1498 ad

239 1554 507 1594 mensam
549 1532 820 1591 fratribus
869 1530 1082 1591 obtulit
1124 1530 1177 1589 ei
1217 1530 1442 1606 aliquid
1484 1532 1560 1590 de
1601 1532 1787 1590 ueteri
1840 1550 2048 1591 musco
2101 1551 2223 1607 quo

240 1628 577 1706 superficies
618 1627 762 1703 ligni
803 1639 925 1687 erat
966 1627 1176 1687 obsita.
1261 1627 1364 1703 qui
1405 1648 1544 1687 cum
1585 1629 1798 1688 sedens
1838 1629 1916 1687 ad
1955 1647 2222 1687 mensam

237 1744 363 1785 nou
400 1725 643 1783 haberet
679 1724 755 1782 ad
792 1742 1032 1780 manum
1059 1722 1161 1782 ubi
1189 1724 1456 1782 oblatum
1496 1723 1609 1782 sibi
1645 1743 1858 1782 munus
1893 1735 2219 1799 reponeret,
2253 1743 2321 1802 15

237 1820 397 1879 misit
439 1820 557 1879 hoc
591 1817 653 1878 in
690 1819 883 1878 sinum
926 1817 1055 1877 sibi.
1128 1827 1188 1878 et
1224 1819 1368 1878 dum
1405 1818 1514 1879 iret
1550 1820 1813 1879 cubitum
1851 1819 2069 1879 oblitus
2106 1820 2222 1878 hoc

238 1916 460 1975 alicubi
487 1918 804 1991 deponere,
835 1914 1097 1990 permisit
1125 1934 1232 1974 suo
1260 1914 1323 1972 in
1351 1915 1484 1974 sinu
1511 1935 1870 1991 permanere.
1935 1927 1996 1975 at
2023 1915 2221 1975 medio

238 2012 432 2072 noctis
459 2021 724 2086 tempore
753 2029 886 2068 cum
916 2009 1251 2085 euigilaret,
1274 2010 1457 2069 sensit
1492 2010 1695 2068 nescio
1725 2010 1868 2085 quid
1894 2009 2087 2086 frigidi
2115 2029 2222 2072 suo

238 2105 406 2166 lateri
459 2105 745 2174 adiacere,
793 2104 1151 2178 admotaque
1191 2123 1371 2162 manu
1410 2103 1703 2179 requirere
1743 2104 1885 2180 quid
1927 2115 2101 2178 esset,
2141 2104 2225 2163 ita

238 2220 447 2262 sanum
488 2199 795 2260 brachium
838 2217 1197 2274 manumque
1238 2199 1494 2275 repperit
1538 2219 1609 2258 ac
1657 2199 1706 2257 si
1746 2199 1892 2259 nihil
1939 2219 2220 2275 umquam
2251 2225 2324 2262 20

238 2297 390 2360 tanti
416 2296 713 2373 languoris
740 2295 1054 2354 habuisset.

1196 2545 1299 2601 III

252 2690 507 2811 IDEM
548 2708 688 2766 ergo
726 2689 953 2750 Osuald
986 2707 1126 2747 mox
1164 2687 1266 2748 ubi
1303 2707 1550 2764 regnum
1588 2679 1844 2763 suscepit
1883 2684 2226 2746 desiderans

373 2794 558 2844 totam
586 2785 680 2843 cui
700 2803 971 2860 praeesse
998 2783 1196 2860 coepit
1222 2794 1460 2858 gentem
1482 2784 1621 2842 fidei
1643 2782 2014 2842 Christianae
2039 2782 2227 2858 gratia

239 2877 421 2951 inbui,
478 2879 646 2939 cuius
695 2880 1093 2956 experimenta
1137 2878 1497 2956 permaxima
1535 2865 1599 2936 in'
1641 2876 2045 2954 expugnandis
2093 2878 2227 2935 bar-
2256 2895 2285 2932 2
2294 2891 2326 2950 5

241 2973 395 3046 baris
437 2974 554 3034 iam
598 2985 851 3051 ceperat,
896 2974 1054 3034 misit
1095 2975 1174 3034 ad
1218 2974 1472 3033 maiores
1510 2984 1652 3032 natu
1685 2975 2033 3044 Scottorum,
2073 2971 2228 3031 inter

240 3089 392 3145 quos
453 3073 691 3131 exulans
743 3071 871 3147 ipse
929 3070 1300 3147 baptismatis
1368 3082 1731 3130 sacramenta
1783 3089 1922 3129 cum
1974 3068 2066 3128 his
2121 3067 2226 3144 qui

239 3185 442 3227 secum
510 3177 675 3227 erant
739 3165 1023 3225 militibus
1091 3176 1445 3226 consecutus
1507 3177 1645 3237 erat,
1716 3177 1925 3242 petens
1994 3175 2060 3224 ut
2113 3163 2225 3223 sibi

241 3263 565 3323 mitteretur
599 3262 844 3321 antistes
881 3260 1050 3320 cuius
1088 3260 1357 3320 doctrina
1392 3279 1465 3320 ac
1501 3259 1825 3320 ministerio
1859 3278 2007 3335 gens
2045 3278 2224 3334 quam

240 3363 480 3436 regebat
539 3362 865 3437 Anglorum
919 3357 1255 3418 dominicae
1315 3356 1457 3416 fidei
1525 3367 1586 3417 et
1647 3358 1809 3416 dona
1862 3354 2112 3415 disceret
2164 3365 2226 3413 et
2252 3379 2333 3434 30

1000 3477 1022 3510 ⁹
1054 3478 1356 3540 dzkpossuzkse
1374 3492 1474 3526 ms«
1555 3527 1562 3534 ι
