2567 3750
222 80 352 164 '13⁶
896 99 992 150 OF
1026 98 1312 148 ABBESS
1345 97 1555 146 HJLD.
1808 60 1812 69 ’
2035 50 2039 54 ’
2105 75 2222 159 [IV

1091 284 1367 370 [XXIII]

240 404 546 531 ANNO
600 411 737 477 post
788 400 948 459 hunc
1014 411 1312 476 sequente,
1368 401 1484 458 hoc
1538 409 1626 459 est
1680 417 1837 458 anno
1893 390 2222 458 dominicae
2281 415 2288 423 ⁸

405 498 821 558 incarnationis
859 499 1004 556 dc¹¹²⁰
1039 499 1259 570 lxxxm0,
1296 496 1725 572 religiosissima
1759 495 1973 556 Christi
2008 497 2234 581 famula·

240 595 411 669 Hild,
465 595 760 655 abbatissa
812 593 1152 657 monasterii
1204 594 1364 670 quod
1421 593 1634 653 dicitur
1699 595 2102 653 Strenaeshalc
2158 607 2224 655 ut

235 711 411 769 supra
465 691 811 764 rettulimus,
880 702 1018 766 post
1071 691 1256 749 multa
1310 710 1463 766 quae
1516 689 1654 749 fecit
1708 690 1771 748 in
1825 690 1988 750 terris
2044 711 2223 767 opera
2292 712 2323 769 5

235 789 512 869 caelestia
556 789 633 847 ad
679 786 1057 864 percipienda
1110 786 1370 862 praemia
1415 785 1572 846 uitae
1621 785 1888 846 caelestis
1935 782 2011 847 de
2061 786 2223 861 terris

234 886 434 946 ablata
469 883 735 945 transiuit
772 883 868 942 die
905 902 984 941 xu
1021 884 1402 945 kalendarum
1432 882 1867 957 Decembrium,
1898 903 2036 942 cum
2071 896 2222 944 esset

231 1001 524 1041 annorum
566 978 704 1051 lxui,
745 979 959 1055 quibus
1001 999 1194 1055 aequa
1233 979 1504 1055 portione
1549 979 1751 1040 diuisis
1788 980 1964 1040 xxxiii
2003 981 2222 1057 primos

232 1076 295 1135 in
328 1074 610 1135 saeculari
646 1075 848 1134 habitu
890 1074 1251 1134 nobilissime
1290 1086 1636 1134 conuersata
1660 1075 1981 1153 compleuit
2009 1088 2068 1137 et
2094 1076 2223 1137 toti-

235 1175 374 1232 dem
420 1181 735 1248 sequentes
779 1171 1032 1230 nobilius
1076 1170 1137 1228 in
1181 1170 1530 1231 monachica
1571 1170 1694 1230 uita
1737 1171 1983 1231 domino
2024 1191 2223 1234 conse·
2256 1193 2326 1230 10

234 1267 436 1328 crauit.
508 1286 648 1326 nam
678 1277 737 1325 et
764 1266 978 1333 nobilis
1005 1278 1148 1326 natu
1177 1277 1315 1340 erat,
1339 1269 1456 1326 hoc
1483 1278 1571 1328 est
1597 1267 1715 1328 filia
1744 1269 1974 1344 nepotis
2004 1270 2222 1330 Eduini

234 1365 384 1440 regis
412 1362 706 1423 uocabulo
739 1362 1040 1423 Hererici:
1082 1382 1216 1422 cum
1255 1383 1377 1439 quo
1415 1363 1591 1424 etiam
1628 1384 1779 1440 rege,
1815 1366 1893 1424 ad
1928 1365 2223 1441 praedica·

235 1461 463 1521 tionem
508 1463 714 1521 beatae
755 1460 1071 1520 memoriae
1116 1459 1345 1519 Paulini
1387 1459 1561 1536 primi
1599 1462 2222 1538 Nordanhymbrorum

236 1558 517 1633 episcopi,
562 1558 744 1630 fidem
794 1569 850 1616 et
894 1567 1257 1617 sacramenta
1294 1556 1511 1619 Christi
1551 1558 1807 1632 suscepit
1843 1569 2020 1634 atque
2056 1560 2219 1632 haee,

235 1654 571 1731 usquedum
614 1655 692 1713 ad
740 1652 865 1712 eius
912 1651 1203 1713 uisionem
1249 1652 1556 1728 peruenire
1602 1652 1833 1726 meruit,
1880 1652 2223 1714 intemerata
2258 1678 2320 1735 15

236 1751 506 1810 seruauit.

357 1848 525 1922 Quae
555 1865 691 1904 cum
719 1842 922 1905 relicto
959 1843 1160 1905 habitu
1200 1843 1482 1906 saeculari
1518 1842 1601 1904 illi
1638 1843 1747 1905 soli
1781 1841 1993 1907 seruire
2026 1845 2221 1907 decre·

231 1940 429 2011 uisset,
471 1939 709 2000 secessit
754 1940 832 1998 ad
879 1939 1244 2014 prouinciam
1282 1938 1672 2000 Orientalium
1714 1942 2056 2016 Anglorum,
2099 1952 2220 1999 erat

229 2055 486 2112 namque
534 2035 864 2112 propinqua
911 2033 1060 2110 regis
1105 2034 1276 2107 illius,
1325 2034 1664 2095 desiderans
1718 2036 1947 2108 exinde,
1998 2035 2048 2094 si
2100 2054 2220 2111 quo

230 2134 413 2192 modo
442 2143 660 2210 posset,
690 2129 968 2191 derelicta
1001 2130 1186 2206 patria
1214 2141 1272 2189 et
1301 2130 1578 2190 omnibus
1604 2143 2013 2209 quaecumque
2042 2130 2221 2190 habu·
2253 2157 2326 2194 20

233 2239 370 2299 erat,
397 2229 650 2288 Galliam
675 2225 982 2302 peruenire
1010 2238 1188 2301 atque
1216 2225 1278 2284 in
1307 2226 1664 2287 monasterio
1688 2227 1832 2287 Cale
1858 2225 2220 2304 peregrinam

232 2346 339 2402 pro
369 2324 614 2386 domino
654 2323 837 2382 uitam
876 2323 1104 2392 ducere,
1152 2341 1270 2398 quo
1308 2322 1533 2382 facilius
1568 2333 1914 2398 perpetuam
1951 2320 2009 2380 in
2046 2319 2223 2380 caelis

233 2421 481 2498 patriam
509 2430 707 2496 posset
735 2417 959 2477 mereri.
1044 2437 1183 2476 nam
1227 2429 1285 2477 et
1324 2418 1385 2476 in
1423 2419 1637 2478 eodem
1675 2416 2031 2477 monasterio
2061 2435 2224 2476 soror

233 2516 415 2591 ipsius
446 2514 760 2585 Heresuid‚
789 2523 975 2571 mater
994 2514 1255 2572 Alduulfi
1283 2512 1435 2589 regis
1457 2512 2220 2586 Orientalium-Anglorum,

233 2612 589 2690 regularibus
617 2610 854 2669 subdita
891 2608 1216 2684 disciplinis
1247 2608 1378 2685 ipso
1414 2620 1679 2684 tempore
1708 2628 1987 2668 coronam
2017 2626 2223 2690 expec-
2252 2635 2280 2672 2
2290 2633 2320 2690 5

232 2711 395 2769 tabat
421 2720 756 2768 aeternam:
798 2706 963 2766 cuius
998 2706 1652 2781 aemulata-exemplum
1667 2716 1740 2765 -et
1766 2704 1893 2781 ipsa
1918 2704 2232 2781 proposito

229 2804 640 2883 peregrinandi
677 2823 900 2863 annum
926 2814 1117 2862 totum
1144 2803 1208 2862 in
1233 2805 1499 2880 praefata
1531 2802 1836 2879 prouincia
1861 2814 2088 2863 retenta
2115 2815 2219 2877 est,

231 2900 447 2961 deinde
495 2901 572 2960 ab
622 2900 859 2959 Aidano
909 2897 1191 2975 episcopo
1245 2898 1307 2957 in
1364 2898 1610 2974 patriam
1664 2910 1940 2959 reuocata
1994 2898 2223 2974 accepit

230 2995 429 3055 locum
485 2995 659 3055 unius
711 2995 967 3054 familiae
1036 2996 1116 3054 ad
1184 2994 1701 3071 septentrionalem
1768 2997 2001 3073 plagam
2056 2994 2223 3054 Viuri

231 3091 502 3165 fluminis,
545 3092 648 3151 ubi
684 3111 876 3167 aeque
918 3111 1076 3151 anno
1118 3110 1240 3151 uno
1286 3089 1695 3151 monachicam
1738 3111 1875 3151 cum
1915 3090 2223 3168 perpaucis
2254 3112 2326 3168 30

235 3186 405 3246 sociis
433 3188 617 3246 uitam
644 3188 873 3263 agebat.
1427 3201 1431 3205 *

359 3318 380 3347 ⁸
412 3316 560 3363 XXI
585 3332 677 3364 ms.
909 3315 952 3349 ²⁸
984 3318 1233 3367 Nordam-
1267 3334 1360 3367 ms.
1598 3314 1641 3349 ²³
1675 3317 1850 3368 meriti
1866 3334 1926 3383 pr
1946 3331 2076 3369 man.
