2567 3750
275 183 390 256 384
690 165 737 243 'c
745 194 1049 243 UTHBER
1058 192 1167 241 Τις
1204 195 1380 242 LJFE
1421 194 1518 242 [Ν
1548 195 1819 245 FARNE.
2145 177 2265 260 [IV

278 300 546 379 Cudbertto,
590 339 711 386 quae
746 323 793 370 ei
824 323 1014 385 futura
1057 323 1319 378 restabant,
1355 314 1617 386 exposuisse
1628 339 1655 382 ,⁰
1692 324 1995 388 propheticus
2032 339 2256 389 namque,

273 413 330 453 ut
353 404 473 462 dclxi,
501 411 547 450 et
573 403 727 450 mirae
752 403 1024 450 sanctitatis
1052 408 1160 451 erat
1188 403 1329 450 homo
1356 439 1368 453 .
1399 440 1411 453 .
1443 439 1456 453 .
1485 441 1498 454 .
1534 405 1617 453 sed
1633 409 1681 453 et
1715 405 1970 454 Cudbercto
1998 406 2129 454 inter
2156 407 2264 453 alla

244 487 387 549 ,quia
410 483 722 548 episcopus
745 490 899 532 esset
920 483 1280 533 ordinandus
1302 484 1594 534 iminuaua.
1663 486 1793 534 unde
1811 487 1936 535 idem
1974 488 2266 536 Cudberctus

261 567 563 631 postmodum
597 565 652 613 in
683 580 854 612 secessu
891 564 1223 613 anachoreseos
1247 567 1436 629 positus
1476 566 1625 616 dicere
1658 567 1849 632 quidem
1887 569 2022 617 nulli
2060 569 2255 627 uolebat,

270 648 389 710 quia
431 651 776 713 episcopum
818 660 946 693 eum
988 645 1356 708 praedixerit
1386 644 1660 696 futurum.
1725 647 1779 697 ib
1824 661 1883 699 22
1922 648 2038 699 end.
2105 648 2267 696 mirae
2345 662 2383 720 5

273 721 442 775 Cuthb
466 740 527 774 20
547 725 655 774 end.
684 740 758 772 21.
940 776 945 783 ⁸

369 808 408 854 P
433 806 540 864 155
567 818 593 868 7
629 816 896 854 PASCHALI
921 803 985 854 26
1006 806 1121 852 Mar
1141 803 1254 865 685.
1310 817 1548 855 EBORACI
1573 806 1681 857 Sim
1695 807 1915 857 Dunelm
1927 807 2029 857 hist
2041 809 2264 858 Dunelrn

271 887 376 937 eccl
402 903 433 951 9
462 888 534 949 (in
565 887 812 949 Twysden
833 901 868 949 p
890 897 916 946 5
943 901 975 934 a
995 886 1079 948 48)
1098 887 1223 951 king
1252 886 1455 950 Ecgsrid
1477 888 1574 936 and
1598 888 1860 937 Theodore
1891 905 2016 952 gave
2049 889 2153 938 him
2173 890 2264 939 the

271 968 389 1017 land
420 969 546 1016 from
579 968 663 1016 the
693 966 811 1015 wall
838 966 896 1014 of
924 967 982 1016 St
1016 966 1197 1016 Peter’s
1228 973 1281 1015 to
1303 967 1389 1016 the
1408 974 1547 1030 great
1565 975 1679 1030 gate
1709 970 1984 1029 westward‚
2010 970 2110 1021 and
2132 967 2265 1018 from

272 1047 356 1097 the
377 1047 492 1097 wall
513 1046 570 1095 of
585 1046 668 1094 the
690 1046 874 1095 church
893 1052 947 1094 to
968 1045 1054 1094 the
1073 1046 1174 1108 city
1195 1046 1310 1095 wall
1330 1046 1627 1097 southward.
2301 1061 2325 1098 1
2339 1062 2381 1099 0

398 1163 435 1188 ‚,
511 1142 564 1176 11
601 1137 987 1189 TVNBERC'IJOp
1015 1125 1216 1188 11417.
1282 1137 1288 1143 ·
1329 1142 1336 1153 =

398 1244 434 1268 „
510 1222 565 1257 12
613 1219 910 1256 DEPOSITVS
959 1223 1105 1256 causa
1146 1208 1290 1256 huius
1333 1208 1655 1272 depositionis
1698 1209 1963 1274 ignoratur,
2018 1209 2106 1259 sed
2151 1208 2267 1273 ipsa

270 1287 513 1351 depositio
546 1286 871 1351 praesentiam
899 1286 1150 1334 Theodori
1178 1287 1339 1349 arguit
1371 1288 1464 1336 sub
1496 1288 1634 1337 cuius
1665 1289 1896 1353 auspiciis
1928 1288 2264 1339 ecclesiastica

269 1369 529 1432 disciplina
550 1375 665 1416 tunc
687 1367 920 1429 temporis
942 1367 1140 1429 uigebat
1173 1366 1401 1427 (Smith).

505 1482 541 1507 „
582 1458 701 1494 IPSE
735 1445 991 1495 Cuthbert.
2301 1468 2374 1526 15

399 1561 436 1586 „
512 1540 569 1587 13
604 1536 803 1588 EATAp
831 1523 1013 1584 11417
1039 1526 1068 1573 8
1091 1540 1141 1572 n.

397 1641 435 1665 ‚,
511 1619 694 1666 17—22
730 1615 1041 1653 svscrzp‘rvm
1067 1641 1079 1652 .
1099 1639 1111 1652 .
1132 1639 1144 1652 .
1165 1617 1684 1656 PRAEMONSTRABAT
1705 1607 1832 1657 from
1852 1608 1955 1658 uita
1977 1608 2148 1658 Cuthb
2171 1608 2252 1659 26.

270 1685 324 1734 cf
339 1685 489 1733 mirac
513 1683 681 1733 Cuthb
705 1699 764 1732 22
803 1685 818 1708 ‘
834 1684 1084 1746 quomodo
1119 1684 1172 1732 in
1197 1686 1485 1749 episcopatu
1519 1687 1861 1737 monachicam
1889 1703 1991 1737 non
2023 1688 2262 1752 relinquit

269 1766 424 1816 uitam
437 1762 466 1814 '.

399 1880 435 1904 „
507 1859 563 1893 21
603 1860 661 1893 22
695 1855 843 1901 QVAE
874 1855 1106 1894 AGENDA
1150 1855 1424 1903 DOCEBAT,
1468 1857 1585 1895 IPSE
1630 1857 1790 1895 PRIVS
1824 1857 2055 1897 AGENDO
2088 1858 2257 1897 PRAE-
2296 1869 2374 1908 20

271 1938 641 1976 MONSTRABAT
672 1942 707 1989 p
731 1938 792 1988 27
814 1926 834 1974 1
859 1941 893 1974 2·
908 1942 957 1976 n.

398 2042 435 2067 „
507 2022 569 2067 24
601 2018 884 2056 AFFABILIS
931 2008 1032 2056 uita
1071 2007 1239 2057 Cuthb
1278 2023 1333 2057 11
1378 2009 1444 2068 (ΙΙ
1483 2019 1539 2071 71
1592 2007 1648 2057 18
1691 2007 1984 2068 Stevenson)
2020 2015 2140 2057 tunc
2174 2010 2262 2059 ille

269 2088 412 2137 socios
445 2088 633 2149 blando,
649 2120 659 2126 -
678 2095 736 2137 ut
771 2087 1015 2136 iucundus
1047 2096 1192 2152 atque
1230 2089 1499 2138 affabilis
1553 2095 1674 2149 erat,
1716 2104 1929 2137 sermone
1965 2089 2250 2153 alloquitur.

270 2170 376 2220 ibid
404 2184 461 2235 19
485 2172 568 2232 (88
593 2172 642 2232 7)
663 2171 728 2219 he
751 2179 940 2234 reports
960 2171 1040 2220 his
1061 2171 1324 2220 successful
1353 2178 1713 2221 remonstrance
1736 2172 1856 2220 with
1878 2170 1962 2220 the
1982 2171 2119 2220 birds
2139 2172 2258 2220 who

269 2252 395 2301 stole
419 2252 497 2301 his
530 2266 703 2316 cropsz
735 2253 909 2300 solebat
936 2252 1067 2300 enim
1099 2259 1244 2314 saepe,
1271 2252 1390 2315 quia
1417 2252 1535 2299 laeti
1561 2253 1731 2299 uultus
1761 2259 1805 2299 et
1834 2249 2104 2299 affabilis
2132 2258 2256 2307 erat,
2292 2265 2363 2324 25

269 2332 341 2381 ad
365 2330 752 2394 confirmandam
783 2330 940 2393 fidem
972 2330 1275 2378 audientium
1308 2331 1478 2395 aliqua
1506 2331 1650 2378 etiam
1680 2332 1739 2379 de
1767 2331 1844 2389 eir,
1882 2345 2006 2393 quae
2033 2329 2133 2393 ipse
2158 2346 2257 2379 cre·

268 2414 418 2462 dendo
438 2413 708 2472 obtinuerit,
731 2412 788 2459 in
810 2411 1018 2459 medium
1031 2410 1262 2474 proferre.

400 2528 437 2552 „
508 2508 534 2540 2
541 2504 567 2552 5
604 2500 1040 2539 coNSOLATtoNIS
1062 2489 1166 2538 uita
1188 2489 1359 2539 Cuthb
1383 2504 1441 2538 αα
1467 2491 1638 2539 nullus
1657 2489 1718 2538 ab
1737 2505 1786 2537 eo
1803 2490 1909 2538 sine
1920 2490 2104 2553 gaudio
2123 2505 2254 2539 con·

270 2572 586 2622 solationis
627 2573 799 2633 abibat,
838 2573 1037 2620 nullum
1065 2571 1203 2620 dolor
1229 2571 1410 2631 animi,
1436 2584 1573 2633 quem
1608 2569 1690 2617 illo
1709 2569 1957 2626 attulerat,
1985 2570 2253 2619 raleuntem

268 2653 521 2702 comitatus
538 2659 621 2702 est.
2281 2666 2359 2720 30

369 2732 409 2780 Ρ
431 2731 539 2789 156
569 2748 589 2782 1
616 2743 828 2780 Dvonvs
850 2742 1020 2780 ANNIS
1035 2730 1100 2780 he
1121 2730 1351 2778 returned
1375 2736 1427 2778 to
1449 2729 1610 2777 Fame
1631 2727 1821 2791 shortly
1840 2728 1966 2777 aster
1981 2728 2252 2779 Christmas
2299 2779 2317 2793 χ

271 2812 366 2863 686
384 2831 400 2875 3
422 2813 506 2863 the
528 2821 627 2863 two
648 2829 787 2876 years
808 2828 891 2861 are
912 2812 1158 2861 reckoned
1171 2811 1297 2860 from
1311 2811 1387 2859 his
1410 2810 1637 2860 election.
1670 2809 1774 2858 uita
1797 2809 1966 2858 Cuthb
1990 2808 2066 2872 36.
2100 2810 2252 2859 mirac

271 2894 439 2944 Cuthb
463 2907 538 2955 32.
609 2894 672 2942 In
693 2892 872 2956 bishop
893 2890 1110 2941 Moore’s
1133 2904 1205 2940 MS
1226 2892 1428 2954 chapter
1450 2902 1592 2939 xxm
1614 2905 1923 2939 commences
1943 2890 2075 2940 here.

259 3001 262 3005 ι
398 3008 434 3032 ,,
506 2988 533 3023 2
570 2985 817 3021 INSVLAM
850 2984 923 3021 Ac
958 2983 1364 3021 ΜοΝΑετ-ΕΚΝΜ
1399 2982 1547 3019 εννΜ
1579 2970 1684 3019 uita
1707 2969 1874 3019 Cuthb
1898 2985 1959 3032 24
1980 2972 2008 3029 ς
2037 2983 2097 3032 41
2132 2970 2244 3019 end.

272 3051 344 3102 So
364 3052 616 3101 Burchard
637 3053 706 3115 bp
728 3054 786 3101 of
800 3052 1078 3115 Wiirzburg
1101 3049 1151 3106 (Ἰ“
1174 3051 1305 3115 754),
1330 3051 1546 3110 ceadda,
1576 3050 1757 3099 Daniel
1778 3051 1847 3113 bp
1869 3049 1928 3099 of
1944 3049 2252 3098 Winchester
2276 3073 2311 3127 3
2319 3071 2349 3131 5

270 3133 467 3182 retired.

398 3246 437 3272 „
507 3228 536 3276 3
569 3223 822 3260 ORACVLO
842 3228 871 3261 c
895 3227 957 3278 29
977 3229 1029 3261 n.
1077 3211 1132 3261 cf
1147 3228 1182 3276 p
1206 3227 1267 3274 34
1289 3211 1308 3260 1
1331 3230 1376 3275 4.
1436 3210 1541 3260 uita
1565 3210 1731 3260 Cuthb
1755 3224 1833 3272 34.

399 3327 435 3352 ,‚
508 3304 535 3352 5
568 3305 764 3342 valuns
787 3305 1212 3342 onscvmomssvs
1235 3296 1339 3342 uita
1352 3293 1519 3342 Cuthb
1536 3306 1562 3355 7
1579 3291 1844 3355 aliquando
1854 3297 2012 3339 autem
2034 3288 2244 3348 aelate,

271 3372 414 3433 quasi
430 3371 516 3419 sub
526 3380 734 3435 persona
755 3373 973 3433 alterius,
1000 3374 1057 3422 id
1057 3374 1227 3436 facere
1242 3373 1462 3421 curabat.
1497 3372 1550 3420 ib
1576 3386 1635 3421 10
1655 3371 1766 3421 end.
