2567 3750
344 211 443 295 16]
901 233 1179 284 WHERE
1223 236 1530 286 oSWALD
1571 236 1776 287 [νεα.
2251 242 2324 299 37

337 360 415 419 ad
441 359 768 437 hospitium
794 380 920 438 quo
948 376 1331 440 proposuerat
1356 365 1640 427 accessit:
1684 386 1805 443 quo
1833 367 1977 426 dum
2003 368 2324 442 adueniret,

335 454 565 516 inuenit
611 459 875 534 puellam
923 458 1006 519 ibi
1058 472 1302 537 neptem
1345 461 1773 538 patrisfamilias
1819 464 1999 539 longo
2046 466 2325 542 paralysis

336 552 548 612 morbo
573 564 915 627 grauatam3
957 564 1017 612 et
1044 573 1183 613 cum
1217 555 1529 616 familiares
1568 557 1781 617 domus
1819 557 1973 617 illius
2011 559 2088 619 de
2114 562 2327 641 acerba

335 650 567 723 puellae
595 649 934 711 infirmitate
971 652 1102 728 ipso
1129 666 1439 730 praesente
1477 667 1870 731 quererentur,
1898 656 2096 734 coepit
2131 657 2325 718 dicere

278 759 310 819 5
335 743 434 803 ille
470 745 549 804 de
582 747 720 805 loco
760 746 864 805 ubi
904 749 1163 808 caballus
1208 769 1348 809 suus
1387 763 1542 811 esset
1586 763 1833 811 curatuS.
1920 751 2063 828 quid
2099 755 2328 813 multa?

335 839 692 916 inponentes
740 860 874 901 eam
917 863 1080 903 carro
1122 847 1415 905 duxerunt
1468 848 1546 906 ad
1595 848 1792 907 locum
1847 848 2188 926 ibidemque
2230 852 2328 910 de-

334 945 677 1011 posuerunt.
761 947 824 997 at
863 938 964 997 illa
1003 939 1199 1015 posita
1238 940 1302 999 in
1337 943 1473 1001 loco
1510 943 1871 1003 obdormiuit
1908 963 2234 1021 parumper,
2268 958 2327 1006 et

334 1035 438 1094 ubi
474 1034 776 1110 euigilauit
812 1047 1080 1096 sanatam
1116 1057 1181 1097 se
1216 1040 1293 1098 ab
1332 1039 1434 1097 illa
1474 1039 1734 1115 corporis
1773 1039 2162 1101 dissolutione
2198 1061 2328 1103 sen-

333 1132 487 1191 tiens
541 1134 838 1207 postulata
882 1154 1040 1211 aqua
1091 1135 1220 1212 ipsa
1283 1136 1429 1197 lauit
1483 1136 1693 1196 faciem
1746 1138 1936 1197 crines
1992 1140 2340 1215 composuit·

244 1241 312 1279 10
333 1235 515 1304 caput
556 1227 741 1289 linteo
781 1231 1089 1307 cooperuit
1127 1242 1186 1292 et
1222 1252 1359 1291 curn
1397 1233 1487 1293 his
1526 1233 1630 1310 qui
1672 1253 1737 1295 se
1775 1235 2142 1295 adduxerant
2182 1255 2325 1296 sana

333 1322 593 1398 pedibus
621 1323 961 1385 incedendo
988 1346 1223 1387 reuersa
1251 1339 1355 1388 est.

1295 1564 1355 1622 X

345 1694 715 1819 EODEM
757 1708 1024 1775 tempore
1064 1698 1228 1759 uenit
1270 1699 1420 1774 alius
1467 1698 1708 1775 quidam
1756 1699 1832 1759 de
1879 1698 2121 1758 natione
2168 1699 2326 1757 Bret-

544 1804 755 1853 tonum
784 1804 851 1853 ut
876 1797 1068 1855 ferunt
1094 1795 1203 1855 iter
1228 1795 1450 1856 faciens
1476 1796 1641 1855 iuxta
1667 1795 1861 1872 ipsum
1889 1796 2087 1854 locum
2114 1793 2177 1851 in
2206 1813 2325 1870 quo

240 1904 305 1963 15
330 1891 597 1967 praefata
640 1901 763 1951 erat
801 1910 1004 1968 pugna
1042 1893 1357 1968 completa,
1400 1901 1461 1951 et
1499 1890 1651 1951 uidit
1690 1890 1864 1949 unius
1905 1890 2023 1949 loci
2064 1888 2323 1964 spatium·

332 1997 533 2046 cetero
602 2006 817 2064 campo
884 1987 1126 2047 uiridius
1187 2007 1259 2046 ac
1327 1987 1671 2060 uenustius3
1745 1986 2061 2063 coepitque
2129 1984 2324 2061 sagaci

331 2083 537 2144 animo
591 2084 863 2144 conicere
906 2086 1069 2160 quod
1115 2086 1280 2143 nulla
1325 2096 1478 2144 esset
1521 2084 1637 2143 alia
1679 2103 1857 2144 causa
1904 2083 2173 2143 insolitae
2220 2083 2323 2141 illo

331 2178 397 2237 in
436 2178 572 2238 loco
615 2178 922 2238 uiriditatis
954 2178 1070 2237 nisi
1102 2178 1242 2255 quia
1275 2178 1500 2239 ibidem
1539 2177 1794 2238 sanctior
1831 2189 2029 2238 cetero
2067 2177 2325 2237 exercitu

330 2274 424 2333 uir
452 2274 666 2351 aliquis
697 2275 901 2334 fuisset
935 2274 1289 2334 interfectus
1375 2274 1508 2333 tulit
1534 2274 1735 2350 itaque
1764 2276 1839 2334 de
1867 2277 2110 2352 puluere
2137 2285 2323 2333 terrae

234 2391 307 2429 20
331 2370 490 2431 illius
526 2389 729 2430 secum
771 2369 1019 2447 inligans
1055 2369 1119 2428 in
1159 2369 1363 2443 linte0‚
1400 2371 1667 2446 cogitans
1702 2372 1868 2447 quod
1901 2372 2160 2430 futurum
2200 2384 2325 2430 erat

330 2466 476 2543 quia
502 2467 594 2525 'ad
638 2467 953 2525 medellam
988 2467 1408 2526 infirmantium
1445 2467 1606 2526 idern
1647 2466 1841 2543 puluis
1877 2468 2223 2542 proficeret;
2265 2477 2325 2524 et

330 2581 584 2639 pergens
629 2561 832 2621 itinere
886 2581 995 2622 suo
1050 2563 1321 2639 peruenit
1359 2565 1436 2622 ad
1491 2562 1691 2621 uicum
1732 2564 2033 2639 quendam
2076 2582 2324 2638 uespere

328 2658 689 2734 intrauitque
724 2658 787 2717 in
819 2660 1064 2718 domum
1093 2659 1155 2718 in
1185 2679 1305 2736 qua
1331 2659 1526 2718 uicani
1555 2670 1871 2717 caenantes
1900 2659 2289 2733 epulabantur
2308 2674 2340 2730 3·

329 2766 393 2815 et
432 2764 742 2830 susceptus
786 2773 824 2812 a
866 2754 1121 2814 dominis
1158 2756 1374 2814 domus
1417 2752 1637 2814 resedit
1673 2764 1734 2813 et
1770 2753 1897 2829 ipse
1941 2772 2077 2811 curn
2119 2751 2204 2811 eis
2244 2754 2323 2811 ad

229 2871 261 2909 2
267 2867 299 2927 5
329 2849 694 2922 conuiuium,
735 2850 1082 2926 adpendens
1126 2850 1436 2910 linteolum
1476 2869 1616 2908 curn
1655 2848 1898 2924 puluere
1939 2866 2118 2923 quern
2159 2849 2325 2906 adtu-

326 2949 479 3005 lerat
519 2944 584 3003 in
622 2963 743 3003 una
780 2956 954 3021 posta
998 2945 1249 3021 parietis.
1334 2963 1588 3021 cumque
1643 2943 1863 3002 diutius
1912 2941 2098 3017 epulis
2142 2949 2321 3018 atque

328 3039 605 3102 ebrietati
655 3050 934 3100 uacarent
971 3060 1226 3101 accenso
1265 3040 1474 3117 grandi
1526 3040 1664 3116 igne
1712 3040 1776 3098 in
1822 3039 2041 3113 medi0,
2075 3039 2321 3115 contigit

325 3136 669 3197 uolantibus
724 3135 787 3193 in
841 3138 1025 3195 altum
1080 3136 1346 3196 scintillis
1401 3137 1638 3195 culmen
1705 3136 1919 3195 domus
1979 3134 2144 3210 quod
2200 3146 2322 3193 erat

327 3232 512 3309 uirgis
553 3240 899 3291 contextum
944 3251 1016 3291 ac
1064 3234 1243 3292 foeno
1260 3216 1272 3229 ”
1288 3244 1511 3292 tectum
1552 3230 1869 3291 subitaneis
1917 3229 2169 3289 flammis
2216 3229 2323 3287 im-

225 3345 303 3403 30
328 3326 503 3406 pleri.
589 3326 756 3403 quod
811 3345 947 3384 cum
999 3339 1241 3404 repente
1302 3326 1593 3387 conuiuae
1647 3336 1862 3386 terrore
1911 3321 2140 3384 confusi
2186 3341 2323 3383 con·

653 3435 678 3470 ⁸
709 3450 885 3485 acerna
907 3452 997 3488 ms.
1562 3437 1585 3472 ⁷
1617 3436 1889 3487 obdormuit
1908 3449 1998 3483 ms.
