<?xml version="1.0" encoding="UTF-8"?>
<!DOCTYPE html PUBLIC "-//W3C//DTD XHTML 1.0 Transitional//EN"
    "http://www.w3.org/TR/xhtml1/DTD/xhtml1-transitional.dtd">
<html xmlns="http://www.w3.org/1999/xhtml" xml:lang="en" lang="en">
 <head>
  <title>
</title>
<meta http-equiv="Content-Type" content="text/html;charset=utf-8" />
  <meta name='ocr-system' content='tesseract 3.04.00' />
  <meta name='ocr-capabilities' content='ocr_page ocr_carea ocr_par ocr_line ocrx_word'/>
</head>
<body>
  <div class='ocr_page' id='page_1' title='image "./historiaeeccles01lumbgoog_0134.png"; bbox 0 0 2567 3750; ppageno 0'>
   <div class='ocr_carea' id='block_1_1' title="bbox 269 10 2229 92">
    <p class='ocr_par' dir='ltr' id='par_1_1' title="bbox 269 10 2229 92">
     <span class='ocr_line' id='line_1_1' title="bbox 269 10 2229 92; baseline 0.007 -23"><span class='ocrx_word' id='word_1_1' title='bbox 269 31 293 70; x_wconf 92' lang='lat'>1</span> <span class='ocrx_word' id='word_1_2' title='bbox 310 33 376 70; x_wconf 87' lang='lat'>12</span> <span class='ocrx_word' id='word_1_3' title='bbox 631 31 726 80; x_wconf 83' lang='lat' dir='ltr'>OF</span> <span class='ocrx_word' id='word_1_4' title='bbox 759 31 1046 80; x_wconf 76' lang='lat' dir='ltr'><em>SEBBI’S</em></span> <span class='ocrx_word' id='word_1_5' title='bbox 1083 31 1361 80; x_wconf 79' lang='lat' dir='ltr'><em>DEATH</em></span> <span class='ocrx_word' id='word_1_6' title='bbox 1387 30 1551 79; x_wconf 66' lang='grc' dir='ltr'>ΛΝΒ</span> <span class='ocrx_word' id='word_1_7' title='bbox 1589 29 1885 80; x_wconf 80' lang='lat' dir='ltr'><em>BURJAL.</em></span> <span class='ocrx_word' id='word_1_8' title='bbox 2112 10 2229 92; x_wconf 89' lang='lat' dir='ltr'>[IV</span> 
     </span>
    </p>
   </div>
   <div class='ocr_carea' id='block_1_2' title="bbox 260 157 2345 3295">
    <p class='ocr_par' dir='ltr' id='par_1_2' title="bbox 260 157 2332 620">
     <span class='ocr_line' id='line_1_2' title="bbox 260 157 2232 234; baseline -0.002 -16"><span class='ocrx_word' id='word_1_9' title='bbox 260 157 730 218; x_wconf 88' lang='lat' dir='ltr'>benedictionem</span> <span class='ocrx_word' id='word_1_10' title='bbox 784 158 1050 217; x_wconf 87' lang='lat' dir='ltr'>habitum</span> <span class='ocrx_word' id='word_1_11' title='bbox 1101 157 1396 234; x_wconf 88' lang='lat' dir='ltr'>religionis</span> <span class='ocrx_word' id='word_1_12' title='bbox 1463 178 1639 234; x_wconf 91' lang='lat' dir='ltr'>quem</span> <span class='ocrx_word' id='word_1_13' title='bbox 1694 159 1794 219; x_wconf 91' lang='lat' dir='ltr'>diu</span> <span class='ocrx_word' id='word_1_14' title='bbox 1863 157 2232 219; x_wconf 87' lang='lat' dir='ltr'>desiderabat</span> 
     </span>
     <span class='ocr_line' id='line_1_3' title="bbox 262 252 2233 330; baseline -0.002 -17"><span class='ocrx_word' id='word_1_15' title='bbox 262 254 503 330; x_wconf 84' lang='lat' dir='ltr'>accepit.</span> <span class='ocrx_word' id='word_1_16' title='bbox 587 252 779 315; x_wconf 86' lang='lat' dir='ltr'>attulit</span> <span class='ocrx_word' id='word_1_17' title='bbox 830 265 1028 314; x_wconf 86' lang='lat' dir='ltr'>autem</span> <span class='ocrx_word' id='word_1_18' title='bbox 1081 255 1274 314; x_wconf 90' lang='lat' dir='ltr'>eidem</span> <span class='ocrx_word' id='word_1_19' title='bbox 1328 265 1389 313; x_wconf 92' lang='lat' dir='ltr'>et</span> <span class='ocrx_word' id='word_1_20' title='bbox 1439 274 1728 313; x_wconf 88' lang='lat' dir='ltr'>summam</span> <span class='ocrx_word' id='word_1_21' title='bbox 1771 253 2057 330; x_wconf 88' lang='lat' dir='ltr'>pecuniae</span> <span class='ocrx_word' id='word_1_22' title='bbox 2110 272 2233 312; x_wconf 90' lang='lat' dir='ltr'>non</span> 
     </span>
     <span class='ocr_line' id='line_1_4' title="bbox 265 347 2235 425; baseline -0.002 -18"><span class='ocrx_word' id='word_1_23' title='bbox 265 368 508 425; x_wconf 91' lang='lat' dir='ltr'>paruam</span> <span class='ocrx_word' id='word_1_24' title='bbox 550 348 901 425; x_wconf 87' lang='lat' dir='ltr'>pauperibus</span> <span class='ocrx_word' id='word_1_25' title='bbox 944 350 1314 424; x_wconf 84' lang='lat' dir='ltr'>erogandam,</span> <span class='ocrx_word' id='word_1_26' title='bbox 1357 349 1441 407; x_wconf 93' lang='lat' dir='ltr'>nil</span> <span class='ocrx_word' id='word_1_27' title='bbox 1495 348 1851 409; x_wconf 86' lang='lat' dir='ltr'>omnimodis</span> <span class='ocrx_word' id='word_1_28' title='bbox 1898 347 2011 408; x_wconf 89' lang='lat' dir='ltr'>sibi</span> <span class='ocrx_word' id='word_1_29' title='bbox 2053 365 2235 407; x_wconf 86' lang='lat' dir='ltr'>reser-</span> 
     </span>
     <span class='ocr_line' id='line_1_5' title="bbox 263 444 2233 523; baseline -0.001 -19"><span class='ocrx_word' id='word_1_30' title='bbox 263 464 425 517; x_wconf 80' lang='lat' dir='ltr'>uanS‚</span> <span class='ocrx_word' id='word_1_31' title='bbox 477 446 582 504; x_wconf 91' lang='lat' dir='ltr'>sed</span> <span class='ocrx_word' id='word_1_32' title='bbox 629 463 850 520; x_wconf 86' lang='lat' dir='ltr'>pauper</span> <span class='ocrx_word' id='word_1_33' title='bbox 895 444 1096 522; x_wconf 91' lang='lat' dir='ltr'>spiritu</span> <span class='ocrx_word' id='word_1_34' title='bbox 1140 444 1323 521; x_wconf 88' lang='lat' dir='ltr'>magis</span> <span class='ocrx_word' id='word_1_35' title='bbox 1372 458 1611 522; x_wconf 88' lang='lat' dir='ltr'>propter</span> <span class='ocrx_word' id='word_1_36' title='bbox 1650 465 1894 523; x_wconf 91' lang='lat' dir='ltr'>regnum</span> <span class='ocrx_word' id='word_1_37' title='bbox 1939 446 2233 505; x_wconf 88' lang='lat' dir='ltr'>caelorum</span> 
     </span>
     <span class='ocr_line' id='line_1_6' title="bbox 264 538 2332 620; baseline -0.001 -22"><span class='ocrx_word' id='word_1_38' title='bbox 264 559 500 599; x_wconf 90' lang='lat' dir='ltr'>manere</span> <span class='ocrx_word' id='word_1_39' title='bbox 529 538 878 598; x_wconf 89' lang='lat' dir='ltr'>desiderans.</span> <span class='ocrx_word' id='word_1_40' title='bbox 2301 562 2332 620; x_wconf 89' lang='lat'>5</span> 
     </span>
    </p>

    <p class='ocr_par' dir='ltr' id='par_1_3' title="bbox 266 632 2340 2719">
     <span class='ocr_line' id='line_1_7' title="bbox 387 632 2234 712; baseline 0.001 -20"><span class='ocrx_word' id='word_1_41' title='bbox 387 634 507 711; x_wconf 86' lang='lat' dir='ltr'>Qui</span> <span class='ocrx_word' id='word_1_42' title='bbox 549 654 686 695; x_wconf 91' lang='lat' dir='ltr'>cum</span> <span class='ocrx_word' id='word_1_43' title='bbox 727 636 1169 712; x_wconf 88' lang='lat' dir='ltr'>ingrauescente</span> <span class='ocrx_word' id='word_1_44' title='bbox 1212 637 1473 711; x_wconf 90' lang='lat' dir='ltr'>praefata</span> <span class='ocrx_word' id='word_1_45' title='bbox 1517 634 1877 712; x_wconf 87' lang='lat' dir='ltr'>aegritudine</span> <span class='ocrx_word' id='word_1_46' title='bbox 1922 634 2081 694; x_wconf 88' lang='lat' dir='ltr'>diem</span> <span class='ocrx_word' id='word_1_47' title='bbox 2125 632 2234 694; x_wconf 90' lang='lat' dir='ltr'>sibi</span> 
     </span>
     <span class='ocr_line' id='line_1_8' title="bbox 266 728 2231 807; baseline 0.001 -20"><span class='ocrx_word' id='word_1_48' title='bbox 266 729 469 788; x_wconf 89' lang='lat' dir='ltr'>mortis</span> <span class='ocrx_word' id='word_1_49' title='bbox 495 728 778 788; x_wconf 89' lang='lat' dir='ltr'>inminere</span> <span class='ocrx_word' id='word_1_50' title='bbox 805 730 1096 802; x_wconf 88' lang='lat' dir='ltr'>sensisset,</span> <span class='ocrx_word' id='word_1_51' title='bbox 1126 729 1331 789; x_wconf 88' lang='lat' dir='ltr'>timere</span> <span class='ocrx_word' id='word_1_52' title='bbox 1359 730 1553 806; x_wconf 90' lang='lat' dir='ltr'>coepit</span> <span class='ocrx_word' id='word_1_53' title='bbox 1581 733 1761 791; x_wconf 90' lang='lat' dir='ltr'>homo</span> <span class='ocrx_word' id='word_1_54' title='bbox 1802 730 1982 790; x_wconf 88' lang='lat' dir='ltr'>animi</span> <span class='ocrx_word' id='word_1_55' title='bbox 2009 731 2231 807; x_wconf 89' lang='lat' dir='ltr'>regalis,</span> 
     </span>
     <span class='ocr_line' id='line_1_9' title="bbox 267 824 2237 902; baseline 0.001 -19"><span class='ocrx_word' id='word_1_56' title='bbox 267 845 344 884; x_wconf 91' lang='lat' dir='ltr'>ne</span> <span class='ocrx_word' id='word_1_57' title='bbox 398 826 474 884; x_wconf 91' lang='lat' dir='ltr'>ad</span> <span class='ocrx_word' id='word_1_58' title='bbox 518 836 766 884; x_wconf 89' lang='lat' dir='ltr'>mortem</span> <span class='ocrx_word' id='word_1_59' title='bbox 818 824 1061 885; x_wconf 89' lang='lat' dir='ltr'>ueniens</span> <span class='ocrx_word' id='word_1_60' title='bbox 1104 835 1269 885; x_wconf 90' lang='lat' dir='ltr'>tanto</span> <span class='ocrx_word' id='word_1_61' title='bbox 1324 827 1586 886; x_wconf 88' lang='lat' dir='ltr'>adfectus</span> <span class='ocrx_word' id='word_1_62' title='bbox 1641 827 1843 886; x_wconf 89' lang='lat' dir='ltr'>dolore</span> <span class='ocrx_word' id='word_1_63' title='bbox 1887 824 2111 902; x_wconf 91' lang='lat' dir='ltr'>aliquid</span> <span class='ocrx_word' id='word_1_64' title='bbox 2153 827 2237 884; x_wconf 91' lang='lat' dir='ltr'>in-</span> 
     </span>
     <span class='ocr_line' id='line_1_10' title="bbox 269 921 2235 996; baseline 0.001 -17"><span class='ocrx_word' id='word_1_65' title='bbox 269 921 512 996; x_wconf 90' lang='lat' dir='ltr'>dignum</span> <span class='ocrx_word' id='word_1_66' title='bbox 559 939 697 979; x_wconf 90' lang='lat' dir='ltr'>suae</span> <span class='ocrx_word' id='word_1_67' title='bbox 743 939 1029 995; x_wconf 87' lang='lat' dir='ltr'>personae</span> <span class='ocrx_word' id='word_1_68' title='bbox 1071 921 1167 979; x_wconf 92' lang='lat' dir='ltr'>uel</span> <span class='ocrx_word' id='word_1_69' title='bbox 1205 939 1306 980; x_wconf 91' lang='lat' dir='ltr'>ore</span> <span class='ocrx_word' id='word_1_70' title='bbox 1343 923 1621 996; x_wconf 89' lang='lat' dir='ltr'>proferret</span> <span class='ocrx_word' id='word_1_71' title='bbox 1657 923 1753 981; x_wconf 89' lang='lat' dir='ltr'>uel</span> <span class='ocrx_word' id='word_1_72' title='bbox 1793 922 2038 980; x_wconf 90' lang='lat' dir='ltr'>aliorum</span> <span class='ocrx_word' id='word_1_73' title='bbox 2071 933 2235 981; x_wconf 88' lang='lat' dir='ltr'>motu</span> 
     </span>
     <span class='ocr_line' id='line_1_11' title="bbox 269 1015 2339 1092; baseline 0 -18"><span class='ocrx_word' id='word_1_74' title='bbox 269 1025 491 1091; x_wconf 87' lang='lat' dir='ltr'>gereret</span> <span class='ocrx_word' id='word_1_75' title='bbox 544 1016 952 1074; x_wconf 89' lang='lat' dir='ltr'>membrorum.</span> <span class='ocrx_word' id='word_1_76' title='bbox 1034 1016 1193 1075; x_wconf 93' lang='lat' dir='ltr'>unde</span> <span class='ocrx_word' id='word_1_77' title='bbox 1259 1016 1451 1075; x_wconf 91' lang='lat' dir='ltr'>accito</span> <span class='ocrx_word' id='word_1_78' title='bbox 1517 1017 1595 1075; x_wconf 85' lang='lat' dir='ltr'>ad</span> <span class='ocrx_word' id='word_1_79' title='bbox 1650 1035 1712 1075; x_wconf 91' lang='lat' dir='ltr'>se</span> <span class='ocrx_word' id='word_1_80' title='bbox 1766 1019 2026 1092; x_wconf 87' lang='lat' dir='ltr'>praefato</span> <span class='ocrx_word' id='word_1_81' title='bbox 2079 1015 2237 1075; x_wconf 90' lang='lat' dir='ltr'>urbis</span> <span class='ocrx_word' id='word_1_82' title='bbox 2271 1039 2339 1075; x_wconf 95' lang='lat'>10</span> 
     </span>
     <span class='ocr_line' id='line_1_12' title="bbox 271 1112 2236 1189; baseline 0.001 -18"><span class='ocrx_word' id='word_1_83' title='bbox 271 1112 618 1172; x_wconf 90' lang='lat' dir='ltr'>Lundoniae</span> <span class='ocrx_word' id='word_1_84' title='bbox 656 1112 717 1171; x_wconf 90' lang='lat' dir='ltr'>in</span> <span class='ocrx_word' id='word_1_85' title='bbox 746 1131 862 1188; x_wconf 89' lang='lat' dir='ltr'>qua</span> <span class='ocrx_word' id='word_1_86' title='bbox 896 1123 1037 1171; x_wconf 89' lang='lat' dir='ltr'>tunc</span> <span class='ocrx_word' id='word_1_87' title='bbox 1076 1113 1202 1189; x_wconf 91' lang='lat' dir='ltr'>ipse</span> <span class='ocrx_word' id='word_1_88' title='bbox 1243 1115 1521 1173; x_wconf 88' lang='lat' dir='ltr'>manebat</span> <span class='ocrx_word' id='word_1_89' title='bbox 1562 1113 1857 1189; x_wconf 88' lang='lat' dir='ltr'>episcop0,</span> <span class='ocrx_word' id='word_1_90' title='bbox 1896 1114 2121 1189; x_wconf 86' lang='lat' dir='ltr'>rogauit</span> <span class='ocrx_word' id='word_1_91' title='bbox 2161 1133 2236 1172; x_wconf 92' lang='lat' dir='ltr'>ne</span> 
     </span>
     <span class='ocr_line' id='line_1_13' title="bbox 273 1208 2237 1285; baseline 0 -18"><span class='ocrx_word' id='word_1_92' title='bbox 273 1211 467 1285; x_wconf 92' lang='lat' dir='ltr'>plures</span> <span class='ocrx_word' id='word_1_93' title='bbox 494 1227 568 1267; x_wconf 92' lang='lat' dir='ltr'>eo</span> <span class='ocrx_word' id='word_1_94' title='bbox 595 1208 878 1267; x_wconf 89' lang='lat' dir='ltr'>moriente</span> <span class='ocrx_word' id='word_1_95' title='bbox 911 1228 1088 1284; x_wconf 92' lang='lat' dir='ltr'>quam</span> <span class='ocrx_word' id='word_1_96' title='bbox 1116 1208 1240 1284; x_wconf 88' lang='lat' dir='ltr'>ipse</span> <span class='ocrx_word' id='word_1_97' title='bbox 1268 1209 1578 1285; x_wconf 90' lang='lat' dir='ltr'>episcopus</span> <span class='ocrx_word' id='word_1_98' title='bbox 1619 1218 1679 1268; x_wconf 91' lang='lat' dir='ltr'>et</span> <span class='ocrx_word' id='word_1_99' title='bbox 1719 1210 1840 1268; x_wconf 93' lang='lat' dir='ltr'>duo</span> <span class='ocrx_word' id='word_1_100' title='bbox 1876 1209 1964 1269; x_wconf 91' lang='lat' dir='ltr'>sui</span> <span class='ocrx_word' id='word_1_101' title='bbox 1992 1208 2237 1270; x_wconf 90' lang='lat' dir='ltr'>ministri</span> 
     </span>
     <span class='ocr_line' id='line_1_14' title="bbox 272 1303 2236 1380; baseline -0.001 -16"><span class='ocrx_word' id='word_1_102' title='bbox 272 1306 559 1364; x_wconf 88' lang='lat' dir='ltr'>adessent.</span> <span class='ocrx_word' id='word_1_103' title='bbox 645 1305 804 1380; x_wconf 92' lang='lat' dir='ltr'>quod</span> <span class='ocrx_word' id='word_1_104' title='bbox 849 1305 992 1363; x_wconf 90' lang='lat' dir='ltr'>dum</span> <span class='ocrx_word' id='word_1_105' title='bbox 1049 1304 1360 1380; x_wconf 91' lang='lat' dir='ltr'>episcopus</span> <span class='ocrx_word' id='word_1_106' title='bbox 1414 1303 1792 1363; x_wconf 90' lang='lat' dir='ltr'>libentissime</span> <span class='ocrx_word' id='word_1_107' title='bbox 1837 1323 1900 1364; x_wconf 93' lang='lat' dir='ltr'>se</span> <span class='ocrx_word' id='word_1_108' title='bbox 1953 1305 2236 1363; x_wconf 89' lang='lat' dir='ltr'>facturum</span> 
     </span>
     <span class='ocr_line' id='line_1_15' title="bbox 270 1399 2239 1476; baseline 0.001 -18"><span class='ocrx_word' id='word_1_109' title='bbox 270 1401 647 1476; x_wconf 90' lang='lat' dir='ltr'>promitteret,</span> <span class='ocrx_word' id='word_1_110' title='bbox 696 1420 816 1460; x_wconf 90' lang='lat' dir='ltr'>non</span> <span class='ocrx_word' id='word_1_111' title='bbox 872 1402 1059 1460; x_wconf 90' lang='lat' dir='ltr'>multo</span> <span class='ocrx_word' id='word_1_112' title='bbox 1112 1411 1247 1476; x_wconf 90' lang='lat' dir='ltr'>post</span> <span class='ocrx_word' id='word_1_113' title='bbox 1300 1400 1457 1459; x_wconf 89' lang='lat' dir='ltr'>idem</span> <span class='ocrx_word' id='word_1_114' title='bbox 1501 1399 1590 1458; x_wconf 91' lang='lat' dir='ltr'>uir</span> <span class='ocrx_word' id='word_1_115' title='bbox 1636 1399 1750 1472; x_wconf 93' lang='lat' dir='ltr'>dei,</span> <span class='ocrx_word' id='word_1_116' title='bbox 1795 1401 1935 1459; x_wconf 90' lang='lat' dir='ltr'>dum</span> <span class='ocrx_word' id='word_1_117' title='bbox 1976 1401 2239 1460; x_wconf 90' lang='lat' dir='ltr'>membra</span> 
     </span>
     <span class='ocr_line' id='line_1_16' title="bbox 272 1494 2337 1578; baseline -0.002 -21"><span class='ocrx_word' id='word_1_118' title='bbox 272 1496 470 1573; x_wconf 90' lang='lat' dir='ltr'>sopori</span> <span class='ocrx_word' id='word_1_119' title='bbox 505 1496 778 1569; x_wconf 89' lang='lat' dir='ltr'>dedisset,</span> <span class='ocrx_word' id='word_1_120' title='bbox 815 1495 963 1556; x_wconf 91' lang='lat' dir='ltr'>uidit</span> <span class='ocrx_word' id='word_1_121' title='bbox 998 1496 1282 1555; x_wconf 88' lang='lat' dir='ltr'>uisionem</span> <span class='ocrx_word' id='word_1_122' title='bbox 1323 1494 1785 1568; x_wconf 89' lang='lat' dir='ltr'>consolatoriam,</span> <span class='ocrx_word' id='word_1_123' title='bbox 1818 1514 1968 1571; x_wconf 89' lang='lat' dir='ltr'>quae</span> <span class='ocrx_word' id='word_1_124' title='bbox 2001 1514 2239 1555; x_wconf 89' lang='lat' dir='ltr'>omnem</span> <span class='ocrx_word' id='word_1_125' title='bbox 2270 1519 2337 1578; x_wconf 85' lang='lat'>15</span> 
     </span>
     <span class='ocr_line' id='line_1_17' title="bbox 272 1590 2310 1669; baseline -0.002 -15"><span class='ocrx_word' id='word_1_126' title='bbox 272 1593 327 1654; x_wconf 91' lang='lat' dir='ltr'>ei</span> <span class='ocrx_word' id='word_1_127' title='bbox 381 1592 733 1652; x_wconf 86' lang='lat' dir='ltr'>anxietatem</span> <span class='ocrx_word' id='word_1_128' title='bbox 787 1603 1144 1651; x_wconf 90' lang='lat' dir='ltr'>memoratae</span> <span class='ocrx_word' id='word_1_129' title='bbox 1212 1590 1619 1650; x_wconf 89' lang='lat' dir='ltr'>sollicitudinis</span> <span class='ocrx_word' id='word_1_130' title='bbox 1687 1592 1947 1663; x_wconf 87' lang='lat' dir='ltr'>auferret,</span> <span class='ocrx_word' id='word_1_131' title='bbox 2004 1591 2242 1667; x_wconf 91' lang='lat' dir='ltr'>insuper</span> <span class='ocrx_word' id='word_1_132' title='bbox 2297 1658 2310 1669; x_wconf 42' lang='lat'><strong><em>„</em></strong></span> 
     </span>
     <span class='ocr_line' id='line_1_18' title="bbox 273 1685 2240 1764; baseline -0.002 -16"><span class='ocrx_word' id='word_1_133' title='bbox 273 1700 350 1762; x_wconf 88' lang='lat' dir='ltr'>et,</span> <span class='ocrx_word' id='word_1_134' title='bbox 381 1707 498 1764; x_wconf 89' lang='lat' dir='ltr'>qua</span> <span class='ocrx_word' id='word_1_135' title='bbox 525 1687 621 1747; x_wconf 92' lang='lat' dir='ltr'>die</span> <span class='ocrx_word' id='word_1_136' title='bbox 649 1697 804 1746; x_wconf 89' lang='lat' dir='ltr'>esset</span> <span class='ocrx_word' id='word_1_137' title='bbox 829 1688 983 1746; x_wconf 89' lang='lat' dir='ltr'>hanc</span> <span class='ocrx_word' id='word_1_138' title='bbox 1010 1686 1193 1745; x_wconf 91' lang='lat' dir='ltr'>uitam</span> <span class='ocrx_word' id='word_1_139' title='bbox 1222 1685 1645 1758; x_wconf 82' lang='lat' dir='ltr'>terminaturuS,</span> <span class='ocrx_word' id='word_1_140' title='bbox 1676 1687 2024 1746; x_wconf 87' lang='lat' dir='ltr'>ostenderet.</span> <span class='ocrx_word' id='word_1_141' title='bbox 2094 1685 2240 1746; x_wconf 91' lang='lat' dir='ltr'>uidit</span> 
     </span>
     <span class='ocr_line' id='line_1_19' title="bbox 274 1782 2240 1859; baseline -0.002 -15"><span class='ocrx_word' id='word_1_142' title='bbox 274 1784 449 1856; x_wconf 93' lang='lat' dir='ltr'>enim,</span> <span class='ocrx_word' id='word_1_143' title='bbox 480 1793 546 1842; x_wconf 90' lang='lat' dir='ltr'>ut</span> <span class='ocrx_word' id='word_1_144' title='bbox 586 1793 720 1859; x_wconf 88' lang='lat' dir='ltr'>post</span> <span class='ocrx_word' id='word_1_145' title='bbox 746 1783 871 1859; x_wconf 92' lang='lat' dir='ltr'>ipse</span> <span class='ocrx_word' id='word_1_146' title='bbox 913 1783 1214 1854; x_wconf 88' lang='lat' dir='ltr'>referebat,</span> <span class='ocrx_word' id='word_1_147' title='bbox 1243 1792 1358 1841; x_wconf 90' lang='lat' dir='ltr'>tres</span> <span class='ocrx_word' id='word_1_148' title='bbox 1395 1783 1473 1841; x_wconf 89' lang='lat' dir='ltr'>ad</span> <span class='ocrx_word' id='word_1_149' title='bbox 1510 1801 1572 1842; x_wconf 90' lang='lat' dir='ltr'>se</span> <span class='ocrx_word' id='word_1_150' title='bbox 1613 1782 1843 1841; x_wconf 88' lang='lat' dir='ltr'>uenisse</span> <span class='ocrx_word' id='word_1_151' title='bbox 1884 1783 2045 1841; x_wconf 90' lang='lat' dir='ltr'>uiros</span> <span class='ocrx_word' id='word_1_152' title='bbox 2085 1783 2240 1842; x_wconf 90' lang='lat' dir='ltr'>claro</span> 
     </span>
     <span class='ocr_line' id='line_1_20' title="bbox 272 1876 2238 1954; baseline -0.003 -15"><span class='ocrx_word' id='word_1_153' title='bbox 272 1880 510 1939; x_wconf 88' lang='lat' dir='ltr'>indutos</span> <span class='ocrx_word' id='word_1_154' title='bbox 543 1879 786 1937; x_wconf 89' lang='lat' dir='ltr'>habitu:</span> <span class='ocrx_word' id='word_1_155' title='bbox 828 1897 1076 1954; x_wconf 91' lang='lat' dir='ltr'>quorum</span> <span class='ocrx_word' id='word_1_156' title='bbox 1115 1897 1268 1937; x_wconf 89' lang='lat' dir='ltr'>unus</span> <span class='ocrx_word' id='word_1_157' title='bbox 1305 1878 1568 1937; x_wconf 89' lang='lat' dir='ltr'>residens</span> <span class='ocrx_word' id='word_1_158' title='bbox 1602 1889 1738 1937; x_wconf 88' lang='lat' dir='ltr'>ante</span> <span class='ocrx_word' id='word_1_159' title='bbox 1779 1879 2057 1938; x_wconf 87' lang='lat' dir='ltr'>lectulum</span> <span class='ocrx_word' id='word_1_160' title='bbox 2099 1876 2238 1948; x_wconf 80' lang='lat' dir='ltr'>eiuS,</span> 
     </span>
     <span class='ocr_line' id='line_1_21' title="bbox 273 1972 2339 2059; baseline -0.001 -24"><span class='ocrx_word' id='word_1_161' title='bbox 273 1976 560 2035; x_wconf 89' lang='lat' dir='ltr'>stantibus</span> <span class='ocrx_word' id='word_1_162' title='bbox 606 1975 698 2033; x_wconf 90' lang='lat' dir='ltr'>his</span> <span class='ocrx_word' id='word_1_163' title='bbox 741 1974 844 2055; x_wconf 83' lang='lat' dir='ltr'>qui</span> <span class='ocrx_word' id='word_1_164' title='bbox 890 1994 1090 2034; x_wconf 91' lang='lat' dir='ltr'>secum</span> <span class='ocrx_word' id='word_1_165' title='bbox 1137 1975 1496 2033; x_wconf 87' lang='lat' dir='ltr'>aduenerant</span> <span class='ocrx_word' id='word_1_166' title='bbox 1542 1972 1852 2033; x_wconf 90' lang='lat' dir='ltr'>comitibus</span> <span class='ocrx_word' id='word_1_167' title='bbox 1884 1984 1958 2059; x_wconf 26' lang='lat' dir='ltr'>&#39;et</span> <span class='ocrx_word' id='word_1_168' title='bbox 2005 1972 2242 2032; x_wconf 89' lang='lat' dir='ltr'>interro·</span> <span class='ocrx_word' id='word_1_169' title='bbox 2267 1995 2339 2033; x_wconf 91' lang='lat'>20</span> 
     </span>
     <span class='ocr_line' id='line_1_22' title="bbox 271 2070 2239 2148; baseline -0.001 -17"><span class='ocrx_word' id='word_1_170' title='bbox 271 2071 544 2148; x_wconf 88' lang='lat' dir='ltr'>gantibus</span> <span class='ocrx_word' id='word_1_171' title='bbox 573 2071 648 2130; x_wconf 94' lang='lat' dir='ltr'>de</span> <span class='ocrx_word' id='word_1_172' title='bbox 676 2081 830 2130; x_wconf 90' lang='lat' dir='ltr'>statu</span> <span class='ocrx_word' id='word_1_173' title='bbox 870 2070 995 2130; x_wconf 90' lang='lat' dir='ltr'>eius</span> <span class='ocrx_word' id='word_1_174' title='bbox 1033 2090 1211 2147; x_wconf 91' lang='lat' dir='ltr'>quem</span> <span class='ocrx_word' id='word_1_175' title='bbox 1251 2073 1629 2147; x_wconf 89' lang='lat' dir='ltr'>languentem</span> <span class='ocrx_word' id='word_1_176' title='bbox 1668 2070 1901 2131; x_wconf 90' lang='lat' dir='ltr'>uisitare</span> <span class='ocrx_word' id='word_1_177' title='bbox 1942 2082 2239 2144; x_wconf 89' lang='lat' dir='ltr'>uenerant,</span> 
     </span>
     <span class='ocr_line' id='line_1_23' title="bbox 273 2167 2243 2246; baseline 0.001 -18"><span class='ocrx_word' id='word_1_178' title='bbox 273 2168 420 2228; x_wconf 85' lang='lat' dir='ltr'>dixit</span> <span class='ocrx_word' id='word_1_179' title='bbox 466 2167 626 2243; x_wconf 91' lang='lat' dir='ltr'>quod</span> <span class='ocrx_word' id='word_1_180' title='bbox 667 2167 863 2226; x_wconf 89' lang='lat' dir='ltr'>anima</span> <span class='ocrx_word' id='word_1_181' title='bbox 902 2167 1029 2227; x_wconf 89' lang='lat' dir='ltr'>eius</span> <span class='ocrx_word' id='word_1_182' title='bbox 1072 2178 1134 2227; x_wconf 88' lang='lat' dir='ltr'>et</span> <span class='ocrx_word' id='word_1_183' title='bbox 1180 2167 1307 2227; x_wconf 91' lang='lat' dir='ltr'>sine</span> <span class='ocrx_word' id='word_1_184' title='bbox 1346 2169 1469 2228; x_wconf 93' lang='lat' dir='ltr'>ullo</span> <span class='ocrx_word' id='word_1_185' title='bbox 1516 2168 1718 2227; x_wconf 92' lang='lat' dir='ltr'>dolore</span> <span class='ocrx_word' id='word_1_186' title='bbox 1758 2178 1818 2228; x_wconf 90' lang='lat' dir='ltr'>et</span> <span class='ocrx_word' id='word_1_187' title='bbox 1849 2188 1986 2227; x_wconf 91' lang='lat' dir='ltr'>cum</span> <span class='ocrx_word' id='word_1_188' title='bbox 2027 2189 2243 2246; x_wconf 87' lang='lat' dir='ltr'>magno</span> 
     </span>
     <span class='ocr_line' id='line_1_24' title="bbox 272 2264 2242 2340; baseline 0 -16"><span class='ocrx_word' id='word_1_189' title='bbox 272 2265 416 2324; x_wconf 90' lang='lat' dir='ltr'>lucis</span> <span class='ocrx_word' id='word_1_190' title='bbox 459 2264 769 2340; x_wconf 90' lang='lat' dir='ltr'>splendore</span> <span class='ocrx_word' id='word_1_191' title='bbox 800 2274 954 2323; x_wconf 92' lang='lat' dir='ltr'>esset</span> <span class='ocrx_word' id='word_1_192' title='bbox 991 2282 1286 2339; x_wconf 89' lang='lat' dir='ltr'>egressura</span> <span class='ocrx_word' id='word_1_193' title='bbox 1323 2264 1399 2322; x_wconf 86' lang='lat' dir='ltr'>de</span> <span class='ocrx_word' id='word_1_194' title='bbox 1439 2282 1721 2340; x_wconf 88' lang='lat' dir='ltr'>corpore:</span> <span class='ocrx_word' id='word_1_195' title='bbox 1765 2265 1873 2324; x_wconf 92' lang='lat' dir='ltr'>sed</span> <span class='ocrx_word' id='word_1_196' title='bbox 1913 2275 1973 2324; x_wconf 90' lang='lat' dir='ltr'>et</span> <span class='ocrx_word' id='word_1_197' title='bbox 2010 2265 2242 2325; x_wconf 88' lang='lat' dir='ltr'>tertium</span> 
     </span>
     <span class='ocr_line' id='line_1_25' title="bbox 273 2357 2243 2435; baseline -0.001 -15"><span class='ocrx_word' id='word_1_198' title='bbox 273 2360 483 2420; x_wconf 87' lang='lat' dir='ltr'>exinde</span> <span class='ocrx_word' id='word_1_199' title='bbox 537 2359 694 2418; x_wconf 91' lang='lat' dir='ltr'>diem</span> <span class='ocrx_word' id='word_1_200' title='bbox 761 2378 881 2434; x_wconf 93' lang='lat' dir='ltr'>quo</span> <span class='ocrx_word' id='word_1_201' title='bbox 934 2368 1088 2418; x_wconf 90' lang='lat' dir='ltr'>esset</span> <span class='ocrx_word' id='word_1_202' title='bbox 1151 2357 1462 2418; x_wconf 90' lang='lat' dir='ltr'>moriturus</span> <span class='ocrx_word' id='word_1_203' title='bbox 1517 2357 1847 2418; x_wconf 88' lang='lat' dir='ltr'>insinuauit.</span> <span class='ocrx_word' id='word_1_204' title='bbox 1934 2361 2095 2435; x_wconf 90' lang='lat' dir='ltr'>quod</span> <span class='ocrx_word' id='word_1_205' title='bbox 2163 2360 2243 2419; x_wconf 85' lang='lat' dir='ltr'>ita</span> 
     </span>
     <span class='ocr_line' id='line_1_26' title="bbox 272 2452 2340 2532; baseline 0 -19"><span class='ocrx_word' id='word_1_206' title='bbox 272 2465 580 2530; x_wconf 89' lang='lat' dir='ltr'>utrumque</span> <span class='ocrx_word' id='word_1_207' title='bbox 622 2464 688 2513; x_wconf 91' lang='lat' dir='ltr'>ut</span> <span class='ocrx_word' id='word_1_208' title='bbox 736 2473 810 2512; x_wconf 88' lang='lat' dir='ltr'>ex</span> <span class='ocrx_word' id='word_1_209' title='bbox 854 2452 1080 2514; x_wconf 90' lang='lat' dir='ltr'>uisione</span> <span class='ocrx_word' id='word_1_210' title='bbox 1129 2453 1335 2513; x_wconf 90' lang='lat' dir='ltr'>didicit</span> <span class='ocrx_word' id='word_1_211' title='bbox 1375 2454 1732 2530; x_wconf 85' lang='lat' dir='ltr'>completum</span> <span class='ocrx_word' id='word_1_212' title='bbox 1777 2463 1880 2512; x_wconf 89' lang='lat' dir='ltr'>est.</span> <span class='ocrx_word' id='word_1_213' title='bbox 1964 2473 2104 2513; x_wconf 90' lang='lat' dir='ltr'>nam</span> <span class='ocrx_word' id='word_1_214' title='bbox 2148 2455 2243 2513; x_wconf 91' lang='lat' dir='ltr'>die</span> <span class='ocrx_word' id='word_1_215' title='bbox 2272 2475 2340 2532; x_wconf 83' lang='lat'>25</span> 
     </span>
     <span class='ocr_line' id='line_1_27' title="bbox 274 2546 2237 2624; baseline -0.002 -15"><span class='ocrx_word' id='word_1_216' title='bbox 274 2549 488 2609; x_wconf 90' lang='lat' dir='ltr'>dehinc</span> <span class='ocrx_word' id='word_1_217' title='bbox 532 2547 704 2607; x_wconf 89' lang='lat' dir='ltr'>tertio</span> <span class='ocrx_word' id='word_1_218' title='bbox 743 2550 1036 2624; x_wconf 87' lang='lat' dir='ltr'>completa</span> <span class='ocrx_word' id='word_1_219' title='bbox 1080 2549 1223 2607; x_wconf 90' lang='lat' dir='ltr'>hora</span> <span class='ocrx_word' id='word_1_220' title='bbox 1265 2566 1427 2606; x_wconf 92' lang='lat' dir='ltr'>nona</span> <span class='ocrx_word' id='word_1_221' title='bbox 1461 2546 1655 2606; x_wconf 90' lang='lat' dir='ltr'>subito</span> <span class='ocrx_word' id='word_1_222' title='bbox 1695 2546 1863 2622; x_wconf 89' lang='lat' dir='ltr'>quasi</span> <span class='ocrx_word' id='word_1_223' title='bbox 1899 2547 2105 2607; x_wconf 89' lang='lat' dir='ltr'>leuiter</span> <span class='ocrx_word' id='word_1_224' title='bbox 2141 2548 2237 2606; x_wconf 87' lang='lat' dir='ltr'>ob-</span> 
     </span>
     <span class='ocr_line' id='line_1_28' title="bbox 274 2640 1844 2719; baseline -0.003 -14"><span class='ocrx_word' id='word_1_225' title='bbox 274 2645 570 2707; x_wconf 89' lang='lat' dir='ltr'>dormiens</span> <span class='ocrx_word' id='word_1_226' title='bbox 598 2646 724 2705; x_wconf 89' lang='lat' dir='ltr'>sine</span> <span class='ocrx_word' id='word_1_227' title='bbox 751 2646 870 2704; x_wconf 90' lang='lat' dir='ltr'>ullo</span> <span class='ocrx_word' id='word_1_228' title='bbox 897 2663 1071 2704; x_wconf 92' lang='lat' dir='ltr'>sensu</span> <span class='ocrx_word' id='word_1_229' title='bbox 1100 2643 1319 2704; x_wconf 91' lang='lat' dir='ltr'>doloris</span> <span class='ocrx_word' id='word_1_230' title='bbox 1346 2643 1538 2703; x_wconf 90' lang='lat' dir='ltr'>emisit</span> <span class='ocrx_word' id='word_1_231' title='bbox 1566 2640 1844 2719; x_wconf 88' lang='lat' dir='ltr'>spiritum.</span> 
     </span>
    </p>

    <p class='ocr_par' dir='ltr' id='par_1_4' title="bbox 274 2726 2345 3295">
     <span class='ocr_line' id='line_1_29' title="bbox 395 2726 2242 2817; baseline -0.003 -15"><span class='ocrx_word' id='word_1_232' title='bbox 395 2742 578 2802; x_wconf 91' lang='lat' dir='ltr'>Cuius</span> <span class='ocrx_word' id='word_1_233' title='bbox 632 2740 864 2817; x_wconf 92' lang='lat' dir='ltr'>corpori</span> <span class='ocrx_word' id='word_1_234' title='bbox 916 2743 1262 2801; x_wconf 89' lang='lat' dir='ltr'>tumulando</span> <span class='ocrx_word' id='word_1_235' title='bbox 1330 2726 1818 2817; x_wconf 83' lang='lat' dir='ltr'>praeparauerant</span> <span class='ocrx_word' id='word_1_236' title='bbox 1880 2741 2242 2816; x_wconf 86' lang='lat' dir='ltr'>sarcofagum</span> 
     </span>
     <span class='ocr_line' id='line_1_30' title="bbox 276 2834 2243 2914; baseline -0.002 -18"><span class='ocrx_word' id='word_1_237' title='bbox 276 2837 610 2914; x_wconf 88' lang='lat' dir='ltr'>lapideum:</span> <span class='ocrx_word' id='word_1_238' title='bbox 672 2838 779 2896; x_wconf 91' lang='lat' dir='ltr'>sed</span> <span class='ocrx_word' id='word_1_239' title='bbox 826 2855 962 2895; x_wconf 90' lang='lat' dir='ltr'>cum</span> <span class='ocrx_word' id='word_1_240' title='bbox 1001 2835 1136 2895; x_wconf 92' lang='lat' dir='ltr'>huic</span> <span class='ocrx_word' id='word_1_241' title='bbox 1180 2855 1391 2913; x_wconf 90' lang='lat' dir='ltr'>corpus</span> <span class='ocrx_word' id='word_1_242' title='bbox 1436 2837 1719 2911; x_wconf 88' lang='lat' dir='ltr'>inponere</span> <span class='ocrx_word' id='word_1_243' title='bbox 1761 2835 2112 2911; x_wconf 89' lang='lat' dir='ltr'>coepissent,</span> <span class='ocrx_word' id='word_1_244' title='bbox 2163 2834 2243 2893; x_wconf 89' lang='lat' dir='ltr'>in-</span> 
     </span>
     <span class='ocr_line' id='line_1_31' title="bbox 274 2929 2345 3007; baseline -0.001 -17"><span class='ocrx_word' id='word_1_245' title='bbox 274 2943 560 2991; x_wconf 89' lang='lat' dir='ltr'>uenerunt</span> <span class='ocrx_word' id='word_1_246' title='bbox 606 2932 722 2990; x_wconf 90' lang='lat' dir='ltr'>hoc</span> <span class='ocrx_word' id='word_1_247' title='bbox 766 2950 1037 2990; x_wconf 91' lang='lat' dir='ltr'>mensura</span> <span class='ocrx_word' id='word_1_248' title='bbox 1077 2931 1258 3006; x_wconf 89' lang='lat' dir='ltr'>palmi</span> <span class='ocrx_word' id='word_1_249' title='bbox 1300 2930 1530 3007; x_wconf 88' lang='lat' dir='ltr'>longius</span> <span class='ocrx_word' id='word_1_250' title='bbox 1570 2949 1699 2990; x_wconf 90' lang='lat' dir='ltr'>esse</span> <span class='ocrx_word' id='word_1_251' title='bbox 1740 2932 2057 3005; x_wconf 88' lang='lat' dir='ltr'>sarcofago.</span> <span class='ocrx_word' id='word_1_252' title='bbox 2141 2929 2243 2988; x_wconf 84' lang='lat' dir='ltr'>do·</span> <span class='ocrx_word' id='word_1_253' title='bbox 2270 2952 2345 3006; x_wconf 88' lang='lat'>30</span> 
     </span>
     <span class='ocr_line' id='line_1_32' title="bbox 274 3023 2241 3103; baseline -0.001 -20"><span class='ocrx_word' id='word_1_254' title='bbox 274 3029 461 3086; x_wconf 89' lang='lat' dir='ltr'>lantes</span> <span class='ocrx_word' id='word_1_255' title='bbox 515 3045 654 3102; x_wconf 88' lang='lat' dir='ltr'>ergo</span> <span class='ocrx_word' id='word_1_256' title='bbox 720 3026 978 3102; x_wconf 89' lang='lat' dir='ltr'>lapidem</span> <span class='ocrx_word' id='word_1_257' title='bbox 1044 3026 1109 3085; x_wconf 91' lang='lat' dir='ltr'>in</span> <span class='ocrx_word' id='word_1_258' title='bbox 1175 3037 1457 3103; x_wconf 88' lang='lat' dir='ltr'>quantum</span> <span class='ocrx_word' id='word_1_259' title='bbox 1524 3027 1818 3098; x_wconf 88' lang='lat' dir='ltr'>ualebant,</span> <span class='ocrx_word' id='word_1_260' title='bbox 1889 3023 2241 3085; x_wconf 88' lang='lat' dir='ltr'>addiderunt</span> 
     </span>
     <span class='ocr_line' id='line_1_33' title="bbox 274 3113 2270 3197; baseline -0.003 -18"><span class='ocrx_word' id='word_1_261' title='bbox 274 3119 629 3196; x_wconf 87' lang='lat' dir='ltr'>longitudini</span> <span class='ocrx_word' id='word_1_262' title='bbox 675 3120 957 3197; x_wconf 87' lang='lat' dir='ltr'>sarcofagi</span> <span class='ocrx_word' id='word_1_263' title='bbox 1003 3120 1172 3197; x_wconf 89' lang='lat' dir='ltr'>quasi</span> <span class='ocrx_word' id='word_1_264' title='bbox 1227 3121 1477 3179; x_wconf 87' lang='lat' dir='ltr'>duorum</span> <span class='ocrx_word' id='word_1_265' title='bbox 1529 3138 1863 3179; x_wconf 87' lang='lat' dir='ltr'>mensuram</span> <span class='ocrx_word' id='word_1_266' title='bbox 1910 3117 2234 3193; x_wconf 88' lang='lat' dir='ltr'>digitorum.</span> <span class='ocrx_word' id='word_1_267' title='bbox 2267 3113 2270 3118; x_wconf 72' lang='grc'>’</span> 
     </span>
     <span class='ocr_line' id='line_1_34' title="bbox 275 3214 2242 3295; baseline 0 -22"><span class='ocrx_word' id='word_1_268' title='bbox 275 3214 380 3274; x_wconf 91' lang='lat' dir='ltr'>sed</span> <span class='ocrx_word' id='word_1_269' title='bbox 408 3233 519 3274; x_wconf 89' lang='lat' dir='ltr'>nec</span> <span class='ocrx_word' id='word_1_270' title='bbox 548 3214 630 3274; x_wconf 91' lang='lat' dir='ltr'>sic</span> <span class='ocrx_word' id='word_1_271' title='bbox 658 3215 898 3291; x_wconf 90' lang='lat' dir='ltr'>quidem</span> <span class='ocrx_word' id='word_1_272' title='bbox 926 3235 1138 3294; x_wconf 88' lang='lat' dir='ltr'>corpus</span> <span class='ocrx_word' id='word_1_273' title='bbox 1166 3217 1450 3295; x_wconf 87' lang='lat' dir='ltr'>capiebat.</span> <span class='ocrx_word' id='word_1_274' title='bbox 1535 3218 1694 3278; x_wconf 88' lang='lat' dir='ltr'>unde</span> <span class='ocrx_word' id='word_1_275' title='bbox 1721 3218 1876 3276; x_wconf 85' lang='lat' dir='ltr'>facta</span> <span class='ocrx_word' id='word_1_276' title='bbox 1902 3214 2242 3275; x_wconf 84' lang='lat' dir='ltr'>difficultate</span> 
     </span>
    </p>
   </div>
   <div class='ocr_carea' id='block_1_3' title="bbox 2545 0 2550 709">
    <p class='ocr_par' dir='ltr' id='par_1_5' title="bbox 2545 0 2550 709">
     <span class='ocr_line' id='line_1_35' title="bbox 2545 0 2550 709; baseline 0 0"><span class='ocrx_word' id='word_1_277' title='bbox 2545 0 2550 709; x_wconf 95' lang='lat' dir='ltr'> </span> 
     </span>
    </p>
   </div>
   <div class='ocr_carea' id='block_1_4' title="bbox 2542 932 2553 2069">
    <p class='ocr_par' dir='ltr' id='par_1_6' title="bbox 2542 932 2553 2069">
     <span class='ocr_line' id='line_1_36' title="bbox 2542 932 2553 2069; baseline 0 0"><span class='ocrx_word' id='word_1_278' title='bbox 2542 932 2553 2069; x_wconf 95' lang='lat' dir='ltr'> </span> 
     </span>
    </p>
   </div>
   <div class='ocr_carea' id='block_1_5' title="bbox 2546 2212 2550 2931">
    <p class='ocr_par' dir='ltr' id='par_1_7' title="bbox 2546 2212 2550 2931">
     <span class='ocr_line' id='line_1_37' title="bbox 2546 2212 2550 2931; baseline 0 0"><span class='ocrx_word' id='word_1_279' title='bbox 2546 2212 2550 2931; x_wconf 95' lang='lat' dir='ltr'> </span> 
     </span>
    </p>
   </div>
   <div class='ocr_carea' id='block_1_6' title="bbox 304 3554 2554 3748">
    <p class='ocr_par' dir='ltr' id='par_1_8' title="bbox 304 3554 2554 3748">
     <span class='ocr_line' id='line_1_38' title="bbox 304 3554 2554 3748; baseline 0 2"><span class='ocrx_word' id='word_1_280' title='bbox 304 3554 2554 3748; x_wconf 95' lang='lat' dir='ltr'> </span> 
     </span>
    </p>
   </div>
  </div>
 </body>
</html>
