2567 3750
336 105 434 187 14]
496 125 631 174 STA
647 122 794 173 YED
825 119 1147 171 BYKING
1181 112 1525 168 OSUALD'S
1552 112 2111 164 INTERCESSION.
2185 114 2294 170 119

328 259 577 308 mortem
608 266 716 324 pro
751 265 868 323 qua
899 242 1179 306 sollicitus
1207 262 1306 302 es:
1348 260 1456 301 nos
1495 239 1651 299 enim
1690 250 1749 300 te
1783 238 2069 298 hodierna
2097 234 2191 295 die
2221 234 2297 294 ad

329 344 602 421 caelestia
644 363 843 403 sumus
878 360 1056 418 regna
1095 338 1442 417 perducturi.
1526 340 1631 399 sed
1667 337 1918 414 primum
1962 331 2298 411 exspectare

328 441 510 499 habes
539 439 729 499 donec
755 436 965 496 missae
998 436 1363 495 celebrentur
1389 453 1459 492 ac
1485 433 1701 492 uiatico
1735 429 2013 491 dominici
2041 427 2298 504 corporis

328 558 398 598 ac
427 536 718 614 sanguinis
745 546 990 611 accepto
1017 533 1101 593 sic
1126 531 1458 592 infirmitate
1492 530 1664 591 simul
1692 542 1751 589 et
1778 542 1963 590 morte
1996 531 2298 589 absolutus

268 656 298 713 5
329 635 404 694 ad
449 646 686 694 aeterna
726 633 787 692 in
832 631 1009 692 caelis
1050 629 1265 707 gaudia
1308 627 1639 687 subleueriS.
1725 628 1912 685 clama
1949 645 2086 702 ergo
2128 624 2204 684 ad
2238 634 2299 685 te

327 731 728 806 presbyterum
770 729 1030 804 Eappan,
1073 735 1131 785 et
1166 723 1349 785 dicito
1385 723 1466 782 illi
1510 722 1645 799 quia
1690 722 1961 781 dominus
2006 720 2300 781 exaudiuit

327 844 530 902 preces
572 835 793 884 uestras
831 834 889 882 et
932 821 1310 882 deuotionem
1356 835 1426 878 ac
1469 818 1683 878 ieiunia
1731 819 2014 896 propitius
2058 818 2300 895 aspexit,

328 938 520 995 neque
569 918 776 994 aliquis
820 918 896 977 de
932 917 1047 975 hoc
1085 913 1441 975 monasterio
1478 913 1601 972 siue
1643 914 2044 972 adiacentibus
2082 911 2135 972 ei
2170 932 2302 990 pos-

330 1014 703 1074 sessiunculis
745 1015 855 1073 hac
892 1013 1058 1072 clade
1095 1015 1245 1071 ultra
1281 1010 1593 1070 moriturus
1632 1022 1719 1070 est
1737 1034 1754 1087 3
1796 1012 1900 1070 sed
1939 1030 2159 1082 omneS,
2199 1011 2300 1087 qui

233 1131 304 1168 10
329 1111 542 1172 alicubi
592 1112 666 1170 de
708 1108 913 1170 uestn‘s
959 1109 1072 1168 hac
1117 1107 1477 1184 aegritudine
1523 1107 1805 1179 laborant,
1850 1107 2220 1166 resurrecturi
2261 1127 2300 1166 a

329 1209 604 1282 languore
657 1203 899 1280 pristina
952 1213 1087 1261 sunt
1152 1201 1432 1277 sospitate
1498 1199 1892 1277 recuperandi,
1962 1212 2190 1277 praeter
2242 1212 2301 1262 te

324 1305 522 1362 solum
548 1300 647 1377 qui
676 1300 958 1359 hodierna
988 1318 1048 1358 es
1077 1298 1172 1358 die
1201 1298 1536 1358 liberandus
1558 1316 1591 1355 a
1612 1308 1799 1355 morte
1824 1307 1881 1356 et
1909 1297 1985 1355 ad
2014 1296 2299 1356 uision'em

331 1397 555 1460 domini
582 1397 799 1459 Christi
834 1396 929 1455 cui
964 1394 1212 1455 fideliter
1247 1393 1474 1455 seruisti
1508 1393 1917 1470 perducendus
1945 1392 2008 1452 in
2036 1397 2259 1453 caelum
2287 1416 2300 1453 τ

330 1495 494 1571 quod
529 1494 729 1554 diuina
764 1492 936 1552 uobis
973 1491 1367 1551 misericordia
1401 1510 1506 1567 per
1543 1479 2016 1549 intercessionem
2052 1491 2303 1567 religiosi
2345 1510 2348 1519 ·

233 1613 300 1670 15
330 1612 403 1651 ac
429 1593 545 1652 deo
571 1589 768 1650 dilecti
797 1587 946 1664 regis
975 1587 1237 1659 Osualdi,
1261 1586 1363 1663 qui
1392 1587 1692 1663 quondam
1718 1571 1876 1662 genti
1900 1588 2305 1664 Nordanhym·

330 1691 566 1747 brorum
595 1697 653 1746 et
680 1685 842 1761 regni
870 1683 1203 1761 temporalis
1229 1682 1573 1743 auctoritate
1602 1695 1660 1741 et
1684 1683 2045 1744 Christianae
2070 1685 2302 1760 pietatis

331 1803 482 1860 quae
508 1782 585 1842 ad
612 1799 855 1858 regnum
881 1798 1137 1858 perenne
1161 1779 1322 1840 ducit
1349 1778 1663 1839 deuotione
1693 1779 2015 1840 sublimiter
2041 1781 2303 1856 praefuit,

330 1879 592 1938 conferre
628 1877 867 1954 dignata
895 1887 996 1936 est.
1080 1876 1192 1935 hac
1228 1875 1446 1935 etenim
1486 1873 1581 1933 die
1620 1875 1776 1933 idem
1813 1894 1914 1933 rex
1949 1877 2025 1935 ab
2064 1875 2303 1935 infideli·

331 1976 442 2032 bus
477 1973 538 2031 in
573 1973 731 2032 bello
769 1970 1144 2047 corporaliter
1179 1970 1485 2045 extinctuS,
1525 1990 1664 2030 mox
1696 1973 1773 2032 ad
1810 1972 2160 2049 sempiterna
2187 1974 2303 2033 ani·

229 2091 302 2128 20
330 2089 552 2128 marum
579 2067 791 2146 gaudia
827 2070 1128 2128 adsumtus
1156 2067 1218 2127 in
1245 2069 1472 2127 caelum
1502 2079 1560 2127 et
1589 2071 1904 2129 electorum
1934 2080 2021 2129 est
2050 2055 2301 2130 sociatus

327 2164 671 2242 agminibus·
756 2175 1037 2240 quaerant
1079 2163 1140 2222 in
1188 2162 1307 2223 suis
1354 2164 1659 2223 codicibus
1702 2164 1763 2223 in
1812 2166 2023 2241 quibus
2067 2166 2303 2226 defunc-

328 2274 522 2321 torum
570 2271 659 2320 est
705 2262 985 2320 adnotata
1039 2259 1349 2336 depositiO,
1402 2271 1459 2318 et
1513 2259 1815 2320 inuenient
1868 2261 2031 2319 illum
2084 2262 2195 2320 hac
2237 2273 2302 2320 ut

327 2354 579 2414 diximus
607 2354 702 2414 die
734 2364 964 2430 raptum
1004 2372 1130 2412 esse
1155 2351 1238 2413 'de
1276 2352 1527 2411 saeculo.
1611 2354 1906 2413 celebrent
1934 2373 2069 2430 ergo
2096 2354 2301 2414 missas

325 2468 434 2525 per
481 2457 696 2506 cuncta
747 2445 1081 2506 monasterii
1133 2446 1387 2506 oratoria
1438 2445 1626 2519 huiuS,
1670 2447 1794 2507 siue
1839 2467 1947 2524 pro
1993 2448 2299 2525 gratiarum

227 2565 259 2602 2
265 2562 297 2621 5
326 2545 558 2606 actione
611 2543 917 2604 exauditae
971 2561 1109 2602 suae
1164 2542 1590 2618 deprecationis
1646 2542 1767 2602 siue
1837 2543 2009 2603 etiam
2066 2544 2125 2602 in
2180 2564 2300 2605 me-

325 2639 566 2699 moriam
608 2636 848 2715 praefati
882 2637 1032 2713 regis
1072 2637 1319 2698 Osualdi
1362 2635 1465 2713 qui
1507 2639 1806 2713 quondam
1843 2638 2100 2715 ipsorum
2140 2625 2300 2715 genti

322 2744 583 2810 praeerat
633 2732 889 2808 ideoque
941 2750 1049 2807 pro
1104 2731 1185 2791 eis
1240 2732 1406 2807 quasi
1458 2750 1566 2807 pro
1621 2752 1760 2791 suae
1812 2732 2000 2809 gentis
2053 2735 2300 2793 aduenis

323 2829 571 2904 supplex
616 2827 820 2887 orabat
873 2827 950 2885 ad
1005 2825 1327 2885 dominum.
1427 2835 1487 2885 et
1530 2826 1757 2888 cunctis
1810 2827 2298 2888 conuenientibus

323 2924 401 2983 ad
427 2921 731 2984 ecclesiam
758 2922 1043 2994 fratribus,
1073 2921 1509 2993 communicent
1537 2941 1742 2982 omnes
1771 2922 2062 2981 sacrificiis
2089 2925 2299 2984 caeles-
