2567 3750
302 220 393 302 15]
989 233 1121 283 HIS
1155 235 1564 285 PROPJJECY.
2194 239 2270 294 47

295 370 399 428 das
449 367 831 444 Septembres
874 365 949 426 de
989 367 1223 426 saeculo
1264 368 1495 427 ablatus
1536 378 1822 443 perpetua
1873 369 2139 428 laborum
2185 385 2275 425 su·

294 484 464 524 orum
502 483 541 523 a
579 462 829 523 domino
868 461 1126 537 praemia
1163 461 1400 538 recepit.

1226 688 1345 744 XV

430 836 522 892 VI
556 833 721 893 cuius
748 832 937 892 meriti
964 831 1137 892 fuerit
1165 831 1342 892 etiam
1369 831 1775 892 miraculorum
1804 831 1983 910 signis
2009 833 2270 895 internus

232 959 261 1018 5
496 929 714 989 arbiter
742 929 994 1000 edocuit,
1026 948 1059 988 e
1086 929 1301 1004 quibus
1338 930 1448 987 tria
1480 928 1798 989 memoriae
1835 948 2015 988 causa
2048 950 2270 1006 ponere

289 1024 429 1084 satis
465 1024 556 1083 sit.
641 1025 946 1100 presbyter
982 1024 1223 1098 quidam
1258 1022 1501 1082 nomine
1529 1026 1673 1081 Vtta
1711 1025 1929 1082 multae
1972 1024 2270 1099 grauitatis

287 1139 363 1180 ac
400 1120 665 1179 ueritatis
700 1119 793 1178 uir
830 1130 889 1178 et
931 1121 1010 1178 ob
1052 1118 1112 1178 id
1155 1118 1449 1192 omnibuS,
1494 1118 1672 1178 etiam
1713 1118 1855 1195 ipsis
1908 1120 2270 1196 principibus

289 1216 509 1276 saeculi
536 1215 913 1288 honorabiliS‚
940 1235 1075 1273 cum
1105 1214 1429 1274 mitteretur
1456 1215 1727 1276 Cantiam
1750 1217 1828 1276 ob
1856 1217 2270 1276 adducendam

286 1313 429 1371 inde
474 1311 789 1387 coniugem
841 1309 963 1385 regi
1008 1309 1195 1370 Osuio
1248 1309 1428 1367 filiam
1481 1309 1756 1370 uidelicet
1807 1309 2066 1369 Aeduini
2119 1310 2269 1387 regis

196 1431 265 1470 10
289 1408 653 1478 Eanfledam,
704 1425 857 1481 quae
911 1404 1138 1464 occisso
1185 1415 1349 1481 patre
1403 1404 1542 1463 illuc
1584 1406 1770 1477 fuerat
1812 1406 2105 1464 adducta:
2166 1404 2269 1481 qui

287 1502 543 1563 terrestri
579 1488 820 1578 quidem
853 1500 1058 1560 itinere
1095 1502 1197 1561 illo
1232 1501 1433 1562 uenire
1471 1503 1576 1561 sed
1612 1501 1850 1579 nauigio
1883 1523 2018 1562 cum
2046 1503 2269 1580 uirgine

285 1598 478 1658 redire
506 1597 876 1673 disponebat,
900 1595 1146 1656 accessit
1166 1597 1243 1655 ad
1272 1596 1614 1672 episcopum
1634 1596 1932 1655 Aidanum
1955 1599 2269 1658 obsecrans

286 1713 426 1754 eum
455 1712 564 1768 pro
592 1712 656 1752 se
683 1692 918 1767 suisque
947 1691 1047 1766 qui
1082 1702 1309 1750 tantum
1339 1691 1446 1750 iter
1472 1702 1638 1751 erant
1663 1693 1988 1769 adgressuri
2024 1694 2268 1753 domino

287 1789 632 1867 supplicare.
736 1788 839 1864 qui
874 1788 1232 1847 benedicens
1269 1786 1401 1845 illos
1433 1806 1506 1847 ac
1541 1786 1786 1847 domino
1823 1790 2265 1862 commendanS,

197 1905 258 1963 15
289 1887 455 1948 dedit
528 1886 706 1945 etiam
772 1885 967 1944 oleum
1031 1884 1455 1943 sanctificatum
1525 1889 1539 1916 ‘
1559 1883 1712 1944 scio’
1768 1883 2039 1961 inquiens
2098 1886 2270 1962 ‘quia

287 1984 390 2044 ubi
419 2002 636 2042 nauem
663 1979 1043 2041 ascenderitis
1071 1989 1391 2054 tempestas
1424 1979 1596 2039 uobis
1624 1991 1684 2039 et
1708 1993 1921 2040 uentus
1947 1982 2270 2043 contrarius

287 2078 681 2156 superueniet,
725 2077 831 2136 sed
873 2085 936 2134 tu
977 2085 1277 2134 memento
1319 2086 1384 2133 ut
1423 2076 1539 2134 hoc
1581 2078 1777 2135 oleum
1820 2078 1984 2153 quod
2025 2077 2131 2138 tibi
2185 2080 2267 2138 do

286 2174 486 2233 mittas
536 2173 595 2231 in
626 2191 806 2238 ,mare
825 2189 843 2244 ς
912 2181 970 2229 et
1018 2170 1212 2229 statim
1270 2170 1703 2245 quiescentibus
1747 2172 1938 2232 uentis
1987 2173 2267 2233 serenitas

287 2268 463 2328 maris
511 2287 625 2327 uos
672 2269 826 2325 laeta
856 2259 857 2262 ’
868 2277 1254 2342 prosequetur
1295 2284 1367 2325 ac
1410 2267 1608 2342 cupito
1650 2267 1856 2327 itinere
1899 2269 2141 2328 domum
2183 2288 2268 2329 re-

192 2385 262 2423 20
288 2365 520 2424 mittet.’
605 2382 757 2439 quae
812 2374 1027 2421 cuncta
1080 2374 1145 2421 ut
1207 2363 1573 2437 praedixerat
1640 2364 1883 2424 antistes
1938 2384 2009 2423 ex
2062 2364 2265 2425 ordine

286 2462 585 2535 completa
627 2468 780 2531 sunt,
823 2468 882 2517 et
918 2457 1156 2533 quidem
1194 2457 1458 2533 inprimis
1500 2459 1824 2519 furentibus
1860 2461 2034 2520 undis
2073 2459 2268 2537 pelagi

286 2559 618 2617 temtabant
658 2567 875 2615 nautae
911 2555 1180 2616 anchoris
1222 2555 1283 2614 in
1324 2576 1485 2617 mare
1520 2557 1711 2617 missis
1746 2578 1962 2618 nauem
1998 2559 2263 2627 retinere,

285 2672 481 2729 neque
509 2654 627 2711 hoc
655 2661 894 2727 agentes
915 2650 1139 2726 aliquid
1158 2651 1560 2727 proficiebant.
1623 2673 1874 2729 cumque
1901 2654 2266 2715 uerrentibus

285 2751 551 2827 undique
592 2760 653 2809 et
694 2749 938 2825 implere
977 2748 1393 2824 incipientibus
1439 2770 1653 2810 nauem
1700 2750 1972 2811 fluctibus
2015 2763 2266 2813 mortem

186 2859 255 2917 ²5
286 2846 401 2909 sibi
438 2864 649 2907 omnes
675 2842 964 2904 inminere
997 2856 1056 2903 et
1084 2844 1435 2920 iamiamque
1473 2847 1681 2906 adesse
1708 2845 1993 2920 uiderent,
2023 2848 2266 2908 tandem

284 2946 593 3022 presbyter
655 2940 1033 3002 reminiscens
1095 2942 1278 2999 uerba
1330 2940 1619 3014 antistitiS,
1675 2944 1945 3002 adsumta
2010 2946 2267 3021 ampulla

286 3040 451 3100 misit
481 3040 559 3098 de
596 3039 729 3098 oleo
767 3037 828 3097 in
862 3047 1129 3113 pontum,
1168 3045 1228 3095 et
1264 3035 1460 3095 statim
1497 3050 1561 3096 ut
1598 3038 1964 3114 praedictum
1998 3050 2120 3099 erat
2157 3061 2266 3101 suo

288 3134 517 3214 quieuit
562 3155 600 3194 a
644 3136 893 3194 feruore.
975 3132 1176 3209 sicque
1223 3135 1442 3192 factum
1497 3144 1587 3193 est
1640 3144 1707 3193 ut
1758 3134 1848 3193 uir
1899 3134 1997 3194 dei
2051 3146 2110 3194 et
2163 3155 2267 3212 per

292 3230 633 3307 prophetiae
669 3228 933 3305 spiritum
971 3238 1382 3304 tempestatem
1417 3227 1767 3304 praedixerit
1797 3230 2049 3288 futuram
2077 3242 2137 3289 et
2162 3249 2267 3306 per

188 3334 266 3391 30
298 3324 569 3384 uirtutem
609 3323 872 3386 eiusdem
912 3322 1144 3400 spiritus
1180 3323 1336 3381 hanc
1373 3334 1647 3395 exortam,
1691 3323 1961 3399 quamuis
1997 3342 2265 3400 corpora·

1006 3507 1013 3512 Ι
1061 3442 1103 3476 ²⁶
1134 3444 1336 3507 ampula
1358 3458 1447 3493 ms.
