2567 3750
332 212 430 294 24]
916 230 1016 279 IN
1045 228 1364 279 BRITJSJJ
1395 226 1737 278 HISTORY.
2191 215 2303 288 169
2388 267 2400 272 -

445 359 622 415 Anno
661 355 819 416 dciiii
862 356 1189 418 orientales
1228 358 1491 417 Saxones
1517 358 1697 416 fidem
1727 354 1943 418 Christi
1975 354 2305 433 percipiunt

327 453 435 512 sub
462 471 595 528 rege
623 455 904 512 Sabercto
932 454 1192 514 antistite
1224 453 1472 513 Mellit0.

430 551 622 607 >Anno
651 550 765 608 dcv
794 549 1107 625 Gregorius
1136 547 1299 608 obiit.

443 648 623 705 Anno
651 645 823 704 dcxui
850 646 1194 706 Aedilberct
1221 666 1323 705 rex
1352 645 1800 706 Cantuariorum
1828 647 2143 706 defunctus
2173 655 2276 705 est.

267 756 298 816 5
443 744 625 800 Anno
669 742 863 800 dcxxu
909 741 1188 800 Paulinus
1228 762 1264 800 a
1307 744 1474 801 Iusto
1514 742 1961 819 archiepiscopo
2003 742 2309 856 ordinatur

324 836 484 912 genti
513 838 1140 914 Nordanhymbrorum
1166 839 1423 898 antistes

442 937 621 994 Anno
650 935 864 994 dcxxui
907 937 1151 995 Eanfled
1193 936 1312 995 filia
1350 934 1609 996 Aeduini
1648 935 1797 1012 regis
1836 935 2130 1012 baptizata
2168 944 2306 994 cum
2404 1015 2409 1018 ἢ

325 1027 405 1089 xii
430 1029 492 1089 in
521 1032 764 1090 sabbato
794 1042 1179 1106 pentecostes,
1260 1077 1266 1084 .

444 1130 623 1186 Anno
666 1125 907 1186 dcxxuii
946 1127 1166 1186 Eduini
1204 1147 1308 1187 rex
1344 1127 1671 1203 baptizatus
1709 1146 1847 1185 cum
1886 1146 1991 1185 sua
2031 1136 2208 1205 gente
2243 1126 2302 1185 in

235 1243 301 1280 10
325 1224 557 1297 pascha.

443 1322 621 1379 Anno
648 1319 903 1380 dcxxxiii
941 1320 1174 1381 Eduine
1213 1341 1351 1398 rege
1390 1333 1658 1399 peremto
1702 1320 1988 1381 Paulinus
2032 1317 2306 1382 Cantiam

325 1414 509 1475 rediit.

445 1515 623 1572 Anno
652 1514 788 1572 dcxl
818 1514 1084 1573 Eadbald
1113 1534 1214 1574 rex
1244 1515 1690 1575 Cantuariorum
1718 1514 1878 1575 obiit.

443 1612 622 1667 Anno
651 1608 827 1668 dcxlii
857 1611 1084 1669 Osuald
1113 1630 1214 1669 rex
1241 1611 1487 1669 occisus,

226 1716 292 1774 15
442 1690 621 1764 Anno
651 1704 868 1764 dcxliiii
907 1707 1201 1779 Paulinus,
1230 1711 1531 1783 quondam
1564 1709 1816 1769 Eboraci
1845 1709 1953 1768 sed
1980 1697 2133 1767 tunc'
2152 1708 2307 1767 Hro-

322 1801 501 1860 fensis
529 1802 770 1860 antistes
800 1802 1069 1876 ciuitatiS‚
1101 1802 1376 1879 migrauit
1402 1805 1479 1862 ad
1509 1805 1837 1864 dominum.

442 1901 621 1958 Anno
650 1900 768 1958 dcli
798 1899 1006 1959 Osuini
1032 1919 1136 1959 rex
1161 1900 1390 1959 occisus
1419 1911 1477 1959 et
1504 1902 1698 1961 Aidan
1728 1901 2041 1977 episcopus
2068 1901 2307 1960 defunc-

324 2002 417 2053 tus
446 2005 548 2054 est.

440 2092 620 2149 Anno
662 2090 820 2150 dcliii
862 2090 1237 2168 Middilangli
1278 2093 1389 2152 sub
1436 2091 1698 2168 principe
1741 2092 1940 2151 Peada
1979 2089 2118 2151 fidei
2157 2111 2307 2169 mys·

222 2211 296 2249 20
322 2185 479 2245 teriis
506 2197 642 2245 sunt
668 2186 871 2246 inbuti.

440 2286 622 2342 Anno
650 2285 788 2343 dclu
819 2284 1022 2343 Penda
1048 2283 1220 2360 periit
1248 2294 1311 2343 et
1342 2284 1548 2343 Mercii
1578 2295 1712 2344 sunt
1739 2284 1875 2343 facti
1905 2283 2233 2345 Christiani.

442 2381 619 2439 Anno
649 2379 866 2439 dclxiiii
899 2380 1149 2456 eclypsis
1185 2382 1370 2454 facta3
1412 2382 1807 2440 Earconberct
1833 2401 1935 2440 rex
1963 2379 2306 2440 Cantuario-

319 2491 447 2532 rum
475 2476 786 2534 defunctus
814 2487 873 2535 et
903 2479 1157 2537 Colman
1185 2496 1322 2535 curn
1352 2478 1569 2537 Scottis
1603 2479 1678 2536 ad
1718 2498 1856 2536 suos
1891 2497 2156 2536 reuersus
2186 2488 2302 2551 est;

324 2579 382 2627 et
426 2570 760 2645 pestilentia
791 2584 985 2645 uenit,
1026 2583 1086 2632 et
1140 2574 1386 2633 Ceadda
1425 2593 1497 2632 ac
1536 2572 1746 2632 Vilfrid
1788 2575 1845 2631 N
1850 2574 2303 2649 ordanhymbro-

224 2685 291 2742 25
322 2682 449 2722 rum
477 2668 818 2726 ordinantur
845 2669 1129 2746 episcopi.

438 2763 617 2821 Anno
647 2764 885 2823 dclxuiii
912 2768 1265 2826 Theodorus
1296 2767 1597 2826 ordinatur
1626 2766 1950 2842 episcopus,

436 2859 616 2917 Anno
645 2860 820 2917 dclxx
849 2860 1036 2921 Osuiu
1065 2881 1166 2921 rex
1194 2864 1823 2939 Nordanhymbrorum
1851 2862 2015 2921 obiit.

436 2954 615 3011 Anno
646 2954 881 3013 dclxxiii
912 2957 1201 3032 Ecgberct
1223 2977 1329 3016 rex
1358 2958 1808 3017 Cantuariorum
1837 2956 1983 3016 obiit
1993 2978 2011 3030 5
2052 2966 2112 3016 et
2133 2976 2301 3033 syno-
2332 3002 2336 3007 ·

319 3049 429 3107 dus
463 3051 617 3109 facta
644 3062 731 3110 est
760 3052 836 3110 ad
867 3054 1227 3112 Herutforda
1254 3065 1560 3129 praesente
1599 3054 1872 3130 Ecgfrido
1913 3073 2049 3129 rege
2089 3053 2300 3128 praesi-

223 3168 295 3223 30
319 3144 495 3204 dente
522 3146 966 3223 archiepiscopo
994 3150 1331 3220 Theodor0‚
1360 3150 1622 3221 utillima„
1655 3171 1693 3207 x
1721 3149 2124 3225 capitulorum.

433 3243 612 3300 Anno
667 3242 882 3301 dclxxu
931 3243 1196 3302 Vultheri
1245 3264 1349 3303 rex
1396 3244 1770 3315 Merciorum‚
1819 3255 2131 3319 postquam
2177 3244 2298 3303 xuii

315 3355 501 3395 annos
555 3349 911 3414 regnauerat,
956 3340 1265 3398 defunctus
1323 3340 1644 3399 Aedilredo
1699 3340 1856 3398 fratri
1907 3338 2142 3414 reliquit
2193 3338 2297 3398 im-

314 3451 557 3509 penum.
