2567 3750
266 207 294 245 2
310 208 379 245 10
793 204 903 252 MA
909 204 951 251 S
952 203 1093 252 ONS
1129 204 1176 251 A
1182 198 1294 249 ΝΒ
1342 199 1711 249 GLAZIERS.
2020 198 2239 265 [BEDA'S

263 340 346 387 An
380 338 614 403 abridged
644 345 828 388 extract
861 339 987 389 from
1031 339 1295 387 Adamnan
1322 338 1376 400 (v
1403 335 1624 401 15-17).
1702 337 2010 388 Caedualla’s
2044 338 2244 403 epitaph

266 421 324 479 (V
349 420 414 480 7),
443 420 720 469 Theodore’
724 437 746 469 s
770 423 828 481 (v
855 421 918 481 8),
949 419 1161 468 Wilfrid’
1166 436 1189 468 s
1212 422 1270 480 (v
1298 421 1393 484 19).

360 500 399 547 P
423 501 458 558 '7
498 512 550 562 ¹7
586 513 772 549 GREAT
802 513 973 550 s'roRE
1002 513 1072 549 oF
1106 512 1281 549 BooKs
1315 516 1396 550 see
1429 500 1651 550 Alcuin’s
1683 509 1890 550 account
1922 501 1980 550 of
2003 501 2244 552 Aelbehrt

263 581 326 629 de
348 582 527 629 sanctis
551 581 689 630 Ebor
715 596 801 643 145
809 581 934 643 3-6
955 599 1054 630 non
1075 584 1216 630 semel
1231 590 1454 630 externas
1463 583 1719 646 peregrino
1738 584 1932 632 tramite
1949 580 2165 674 terras!
2142 600 2243 632 zam

253 661 544 722 peragram‘t
579 677 748 721 ouans,
788 662 979 725 sophiae
1008 662 1232 710 deductus
1269 677 1458 710 amore:
1486 659 1570 726 Ιεί
1613 663 1756 726 quid
1793 662 1949 712 forte
1990 663 2131 711 noui
2171 663 2241 712 li·
2313 658 2346 717 5

263 741 498 790 brorum
531 757 629 790 seu
663 741 1043 805 studiorum,‘1
1074 744 1228 807 quod
1273 759 1468 792 secum
1505 743 1705 804 ferret,
1744 745 1922 793 terris
1954 744 2244 809 reperiret

264 820 322 868 in
354 820 494 869 illis.

392 936 426 958 ,‚
500 916 526 948 2
533 914 559 962 5
628 913 917 950 IMPORTED
949 915 1211 951 GLAszs
1235 904 1413 965 Beda's
1439 904 1579 968 pupil
1603 903 1845 952 Cuthbert
1868 904 2030 952 writes
2056 910 2108 952 to
2132 903 2248 952 Lull

265 979 441 1040 (Bonis
465 996 527 1043 ep
566 993 656 1039 134
686 980 834 1044 Jaffe)
866 983 912 1030 si
939 984 1120 1046 aliquis
1155 984 1295 1031 homo
1328 983 1384 1031 in
1415 989 1502 1030 tua
1538 984 1604 1031 sit
1628 983 1896 1046 parrochia
1930 984 2022 1046 qui
2053 983 2244 1032 uitrea

263 1077 403 1109 uasa
435 1062 583 1111 bene
614 1062 802 1124 possit
833 1062 1039 1122 faeere,
1078 1079 1188 1112 cum
1209 1070 1393 1126 tempus
1413 1063 1633 1112 adrideat
1656 1063 1784 1111 mihi
1807 1064 1991 1111 mittere
2016 1063 2240 1125 dagnms.
2279 1068 2352 1106 10

262 1149 352 1189 aut
382 1143 428 1190 si
446 1143 657 1206 sortasse
695 1143 831 1190 ultra
851 1143 986 1206 fines
1027 1150 1093 1192 est
1133 1144 1190 1192 in
1215 1150 1442 1206 potestate
1481 1143 1733 1192 cuiusdam
1778 1145 1978 1192 alterius
2017 1144 2123 1192 sine
2161 1149 2247 1197 tua

259 1223 534 1283 parrochia,
570 1238 681 1285 rogo
711 1228 770 1270 ut
782 1223 1075 1286 fraternitas
1094 1230 1181 1272 tua
1205 1223 1289 1271 illi
1305 1223 1503 1271 suadeat
1521 1229 1579 1270 ut
1605 1223 1676 1271 ad
1698 1239 1787 1271 nos
1808 1238 1956 1286 usque
1969 1221 2242 1285 perueniat,

263 1304 379 1364 quia
394 1303 597 1350 eiusdem
614 1304 737 1351 artis
757 1304 928 1366 ignari
946 1305 1161 1367 etinopes
1174 1320 1357 1353 sumus.
1404 1312 1460 1353 et
1483 1304 1531 1352 si
1552 1305 1661 1354 hoc
1684 1304 1932 1353 fortasse
1955 1302 2248 1366 contingit

264 1390 324 1430 ut
357 1382 575 1445 aliquis
608 1383 677 1432 de
709 1384 849 1431 uitri
878 1384 1203 1433 factoribus
1234 1400 1359 1433 cum
1390 1392 1489 1433 tua
1522 1385 1840 1448 diligentia
1872 1386 1981 1434 deo
2009 1386 2247 1433 uolente

264 1464 335 1511 ad
368 1478 471 1512 nos
502 1479 684 1526 usque
716 1465 922 1514 uenire
944 1466 1338 1529 permittatur,
1368 1481 1493 1515 cum
1514 1466 1769 1530 benigna
1799 1465 2246 1515 mansuetudine
2280 1472 2347 1532 15

264 1543 386 1590 uita
418 1544 630 1593 comite
668 1544 834 1592 illum
878 1545 1152 1608 suscipio.
1225 1546 1416 1594 Eddius
1448 1546 1551 1594 uita
1585 1546 1801 1594 Wilfridi
1845 1563 1902 1609 14
1942 1546 2010 1595 fin
2047 1547 2247 1595 Wilfrid

264 1621 551 1669 introduced
583 1637 780 1670 masons
814 1623 1189 1682 (caementarios)
1222 1624 1327 1671 into
1359 1623 1435 1671 his
1469 1624 1694 1684 diocese3
1732 1624 1790 1673 16
1823 1624 1966 1673 York
1998 1624 2246 1672 cathedral

264 1714 365 1747 was
386 1700 706 1762 dilapidated,
730 1702 815 1750 the
836 1701 950 1750 roos
975 1702 1168 1761 leaked,
1196 1703 1281 1750 the
1312 1703 1549 1751 windows
1581 1718 1710 1751 were
1743 1720 1900 1766 open;
1932 1703 1996 1752 he
2018 1704 2187 1753 roofed
2209 1705 2246 1752 it

263 1780 384 1828 with
421 1780 533 1829 lead
568 1783 667 1830 and
700 1782 872 1845 glazed
907 1783 990 1831 the
1028 1783 1278 1840 window5‚
1309 1791 1406 1845 per
1429 1783 1674 1845 finestras
1711 1785 1965 1832 introitum
1999 1784 2171 1832 auium
2205 1793 2250 1833 et

263 1863 492 1911 imbrium
514 1863 645 1911 uitro
656 1864 920 1926 prohibuit,
934 1872 1030 1927 per
1047 1864 1177 1927 quod
1191 1871 1355 1912 tamen
1376 1864 1508 1912 intro
1523 1865 1689 1912 lumen
1709 1864 1963 1913 radiabat:
1986 1864 2064 1914 his
2085 1865 2246 1914 works
2275 1881 2350 1918 20

263 1952 313 1988 at
338 1942 569 1989 Hexham
593 1957 652 1990 ἠ
680 1957 754 2003 23.

360 2024 399 2070 P
433 2024 470 2080 8
512 2040 529 2073 1
567 2035 685 2071 THE
718 2035 890 2071 PAPAL
918 2035 1091 2072 ARCH-
1075 2036 1364 2073 -cHANTER
1383 2023 1517 2088 John
1546 2022 1625 2088 (xv
1654 2021 1741 2086 18).

412 2141 425 2163 ,
503 2119 561 2152 10
595 2117 669 2153 DE
690 2117 827 2154 VITA
847 2117 1167 2154 CVTHBERTI
1201 2105 1385 2154 Alcuin
1408 2106 1471 2154 de
1493 2106 1673 2154 sanctis
1696 2106 1834 2153 Ebor
1856 2104 2124 2169 645—749.

412 2220 424 2241 ,
503 2186 559 2232 18
584 2196 678 2232 HIS
706 2197 1065 2233 MANUSCRIPT
1085 2184 1348 2232 Willibald
1369 2185 1421 2232 in
1445 2184 1547 2234 like
1572 2200 1778 2232 manner
1799 2192 1951 2233 wrote
1981 2186 2067 2233 the
2087 2184 2170 2234 life
2194 2187 2251 2234 of

263 2266 495 2315 Bonifaee
517 2282 582 2314 on
605 2283 777 2316 waxen
799 2269 991 2325 tablets,
1017 2268 1116 2316 and
1137 2267 1405 2316 submitted
1426 2267 1466 2315 it
1486 2274 1540 2315 to
1564 2267 1679 2316 Lull
1701 2266 1800 2315 and
1821 2268 2027 2316 another
2048 2268 2241 2332 bishop‚
2273 2279 2302 2316 2
2312 2278 2341 2335 5

262 2346 474 2409 copying
495 2347 533 2394 it
556 2362 623 2394 on
643 2348 827 2396 vellum
850 2348 974 2396 after
994 2348 1111 2411 they
1130 2348 1230 2396 had
1252 2349 1504 2412 approved
1525 2348 1565 2396 it
1588 2350 1677 2411 (pp
1700 2363 1812 2409 422.
1837 2349 1926 2407 481
1951 2345 2114 2411 Jaffe).

360 2428 398 2475 P
433 2428 502 2482 12
537 2443 571 2476 n
605 2444 631 2476 2
699 2429 783 2477 the
819 2428 1132 2478 banishment
1166 2428 1223 2477 of
1251 2428 1526 2477 Archelaus
1562 2436 1614 2477 to
1648 2427 1841 2476 Vienne
1875 2441 1913 2476 Α
1935 2441 1973 2476 D
2007 2427 2037 2476 6
2067 2429 2109 2477 is
2146 2427 2242 2476 his-

260 2507 432 2555 torical
469 2508 572 2568 (Ios
610 2514 697 2555 ant
725 2519 849 2556 xvn
885 2524 942 2570 13
981 2524 1024 2556 2.
1075 2508 1251 2557 DCass
1286 2520 1381 2556 LIV
1407 2522 1437 2572 9
1465 2510 1492 2568 ἓ
1519 2507 1588 2569 6).
1662 2506 1860 2556 Pilate's
1884 2508 2069 2557 suicide
2105 2508 2148 2556 is
2174 2521 2243 2554 no

260 2590 416 2637 doubt
450 2605 481 2637 a
514 2589 660 2647 fable,
703 2591 793 2638 but
828 2590 870 2638 is
899 2590 1086 2638 related
1119 2590 1187 2652 by
1222 2590 1326 2638 Eus
1358 2589 1393 2637 h
1418 2605 1446 2637 e
1481 2601 1526 2637 11
1555 2599 1596 2649 7.
1642 2588 1807 2637 chron.
1845 2599 1932 2635 AD
1967 2604 2046 2649 40.
2114 2587 2243 2636 Oros

259 2681 341 2717 VII
380 2685 425 2731 5.
493 2670 546 2717 cf
573 2670 845 2718 Druthmar
886 2670 939 2717 in
983 2670 1155 2732 Migne
1206 2681 1300 2717 CVI
1351 2675 1508 2733 1497⁰·
1578 2669 1672 2718 See
1713 2669 1896 2731 Leyrer
1940 2670 1994 2716 in
2042 2668 2244 2730 Herzog
2268 2676 2343 2731 30

265 2749 598 2811 Real-Encycl
619 2760 680 2796 xl
705 2747 799 2811 663
823 2747 918 2809 664
941 2749 1016 2796 for
1038 2748 1159 2795 later
1181 2747 1400 2810 legends.

387 2865 422 2887 ‚,
492 2844 527 2876 n
566 2843 622 2892 19
689 2829 824 2891 Greg
845 2828 945 2876 dial
976 2839 1044 2875 111
1076 2839 1134 2889 37
1160 2827 1295 2887 (Ven
1326 2838 1447 2889 1744
1471 2838 1515 2874 11
1541 2826 1696 2888 365⁶)·
1767 2827 1819 2875 ib
1848 2829 1909 2888 38
1939 2826 2022 2875 the
2059 2835 2242 2889 martyr

260 2908 532 2970 Eutychius
572 2909 820 2971 appeared
854 2915 908 2956 to
963 2908 1269 2969 Redemptus
1318 2907 1491 2970 saying
1538 2908 1552 2932 ‘
1565 2907 1829 2968 Redempte,
1873 2906 2084 2967 aig-ilas?
2098 2905 2110 2928 '
2161 2908 2244 2953 cui

256 2988 525 3050 respondit:
569 2986 792 3052 ‘uigilofi
826 2989 915 3051 qui
945 2989 1052 3036 ait:
1094 2987 1269 3036 ‘finis
1291 2987 1456 3036 uenit
1484 2987 1795 3035 uniuersae
1836 2986 2044 3040 carniS,
2091 2985 2241 3034 finis

255 3069 419 3117 uenit
465 3069 776 3118 uniuersae
820 3072 1026 3129 carnis,
1090 3070 1240 3118 finis
1283 3070 1449 3118 uenit
1486 3069 1798 3118 uniuersae
1839 3066 2059 3117 carnis'
2065 3102 2236 3117 .....
2266 3080 2334 3139 35

254 3157 298 3195 et
316 3150 441 3211 quid
463 3151 518 3197 in
542 3151 656 3198 aliis
687 3151 867 3199 mundi
885 3152 1114 3213 partibus
1142 3157 1336 3215 agatur,
1381 3151 1565 3213 ignoro.
1631 3166 1752 3198 nam
1780 3150 1837 3198 in
1872 3150 1965 3197 hac
1993 3155 2137 3209 terra,
2182 3152 2238 3198 in

255 3245 352 3290 qua
395 3245 482 3277 nos
513 3231 745 3289 uiuimus,
793 3231 977 3279 finem
1023 3247 1184 3280 suam
1230 3231 1478 3279 mundus
1521 3231 1635 3278 iam
1677 3245 1793 3278 non
1838 3220 2087 3287 nuntift,
2135 3232 2236 3280 sed

256 3307 533 3355 ostendit.
578 3319 639 3356 IV
671 3324 729 3369 41
785 3311 799 3335 ‘
814 3310 951 3372 Why
982 3326 1065 3358 are
1097 3312 1182 3359 the
1214 3317 1392 3358 secrets
1430 3310 1489 3358 of
1531 3308 1769 3374 departed
1811 3309 1990 3371 spirits,
2020 3308 2235 3358 hitherto

254 3385 531 3444 concealed,
581 3403 695 3435 now
739 3390 885 3437 made
931 3390 1113 3438 known
1130 3391 1153 3437 Ρ
1218 3392 1434 3439 Because
1491 3389 1589 3437 this
1631 3404 1721 3451 age
1767 3388 1808 3436 is
1850 3387 2072 3450 drawing
2110 3395 2162 3435 to
2206 3405 2236 3436 a
