2567 3750
404 831 855 884 EXPLICIVNT
901 834 1273 886 CAPITVLA.
1364 835 1643 886 INCIPIT
1689 836 1845 886 IPSE
1891 837 2125 887 LIBER.

1250 1044 1279 1104 1

289 1200 424 1325 AT
456 1200 772 1263 interfecto
807 1202 868 1262 in
905 1223 1105 1280 pugna
1129 1202 1408 1264 Aeduino
1444 1203 1700 1280 suscepit
1732 1223 1841 1280 pro
1878 1202 1981 1264 illo
2019 1224 2262 1281 regnum

452 1299 790 1371 Deirorum‚
833 1301 908 1358 de
945 1320 1062 1376 qua
1096 1300 1403 1376 prouincia
1442 1301 1541 1360 ille
1578 1300 1806 1377 generis
1842 1301 2175 1377 prosapiam
2206 1314 2264 1362 et

284 1389 589 1466 primordia
619 1396 786 1471 regni
813 1396 1112 1468 habuerat,
1141 1395 1293 1455 filius
1321 1395 1512 1471 patrui
1541 1397 1667 1455 eius
1693 1397 1934 1456 Aelfrici
1966 1397 2264 1465 uocabulo

288 1489 461 1563 Osric,
490 1493 596 1568 qui
625 1494 708 1552 ad
746 1492 1248 1568 praedicationem
1288 1493 1519 1552 Paulini
1552 1493 1693 1552 fidei
1728 1505 1850 1553 erat
1884 1492 2264 1552 sacramentis

240 1580 522 1659 sinbutus.
626 1607 809 1664 porro
860 1607 1105 1664 regnum
1160 1589 1579 1662 Berniciorum,
1634 1609 1774 1648 nam
1827 1591 1891 1648 in
1947 1591 2057 1649 has
2113 1591 2260 1648 duas

285 1681 609 1751 prouincias
639 1701 798 1757 ‚gens
846 1683 1471 1760 Nordanhymbrorum
1520 1684 1843 1760 antiquitus
1873 1685 2081 1763 *diuisa
2123 1695 2262 1744 erat,

284 1778 528 1854 suscepit
576 1778 736 1836 filius
789 1779 1102 1838 Aedilfridi
1155 1779 1255 1856 qui
1303 1783 1379 1840 de
1423 1782 1524 1840 illa
1565 1782 1872 1859 prouincia
1923 1784 2153 1859 generis
2209 1794 2268 1843 et

284 1876 436 1950 regni
481 1878 778 1954 originem
832 1879 1096 1950 duxerat,
1146 1879 1390 1939 nomine
1438 1880 1696 1939 Eanfrid.
1782 1880 2073 1957 siquidem
2120 1892 2267 1939 tem-

285 1989 419 2046 pore
445 1983 578 2035 toto
610 1992 733 2049 quo
762 1975 1028 2050 regnauit
1048 1974 1328 2049 Aeduini‚
1352 1975 1456 2034 filii
1484 1968 1742 2052 praefati
1759 1977 1910 2051 regis
1936 1974 2265 2045 Aedilfridi,

209 2087 267 2125 10
287 2068 379 2142 qui
408 2081 548 2129 ante
587 2070 758 2128 illum
796 2081 1159 2147 regnauerat,
1204 2090 1342 2129 curn
1381 2090 1597 2147 magna
1634 2070 1924 2130 nobilium
1964 2070 2268 2129 iuuentute

283 2164 432 2237 apud
477 2167 721 2225 Scottos
770 2165 893 2224 siue
944 2165 1142 2225 Pictos
1192 2166 1508 2225 exulabant
1550 2166 1751 2241 ibique
1806 2168 1884 2225 ad
1940 2164 2270 2225 doctrinam

246 2309 259 2322 ,
286 2258 618 2319 Scottorum
669 2261 1015 2320 cathecizati
1063 2272 1122 2320 et
1168 2261 1538 2338 baptismatis
1584 2273 1723 2324 sunt
1769 2262 1954 2338 gratia
2007 2261 2264 2321 recreati.

285 2356 378 2431 qui
424 2369 492 2417 ut
539 2369 780 2418 mortuo
827 2378 961 2434 rege
1003 2357 1244 2418 inimico
1284 2358 1534 2434 patriam
1576 2369 1712 2417 sunt
1751 2358 1940 2418 redire
1980 2356 2267 2434 permissi,

284 2454 509 2531 accepit
534 2454 761 2531 primus
791 2439 1010 2527 eorum,
1053 2458 1232 2530 quem
1269 2453 1540 2525 diximuS,
1581 2453 1823 2512 Eanfrid
1854 2472 2099 2529 regnum
2138 2455 2272 2510 Ber-

204 2570 263 2628 15
285 2548 594 2611 niciorum.
680 2552 782 2627 qui
807 2563 1054 2626 uterque
1091 2570 1194 2609 rex
1230 2561 1296 2609 ut
1332 2551 1547 2609 terreni
1584 2550 1748 2627 regni
1785 2551 1999 2609 infulas
2029 2549 2271 2609 sortitus

286 2655 388 2718 est,
432 2656 808 2705 sacramenta
859 2646 1025 2722 regni
1072 2644 1343 2704 caelestis
1399 2645 1613 2721 quibus
1659 2645 1921 2704 initiatus
1969 2656 2093 2704 erat
2135 2663 2271 2702 ana-

286 2740 726 2800 thematizando
766 2740 1025 2817 prodidit
1061 2760 1131 2799 ac
1166 2760 1229 2799 se
1265 2740 1471 2816 priscis
1499 2740 1806 2801 idolatriae
1836 2741 2105 2802 sordibus
2148 2741 2273 2816 pol-

281 2836 571 2896 luendum
598 2838 1086 2913 perdendumque
1113 2836 1377 2896 restituit.

400 2934 541 2991 Nec
584 2951 764 3003 mora,
813 2942 1124 3008 utrumque
1167 2951 1270 2991 rex
1315 2934 1661 2992 Brettonum
1708 2931 2035 2993 Ceadualla
2090 2932 2274 3007 impia

200 3047 262 3083 20
282 3029 601 3087 manused
630 3028 784 3087 iusta
810 3027 1031 3089 ultione
1059 3028 1321 3104 peremit.
1407 3039 1466 3088 et
1503 3028 1691 3105 primo
1725 3029 1964 3104 quidem
2001 3030 2268 3106 proxima

284 3134 511 3182 aestate
568 3122 859 3196 osricum,
915 3124 1056 3182 dum
1112 3143 1174 3183 se
1218 3123 1280 3182 in
1324 3124 1552 3200 oppido
1596 3123 1918 3200 municipio
1961 3124 2268 3184 temerarie

282 3220 635 3293 obsedisset,
680 3238 994 3301 erumpens
1036 3220 1230 3280 subito
1278 3240 1415 3279 cum
1461 3220 1579 3280 suis
1621 3220 1897 3281 omnibus
1939 3219 2268 3297 inparatum

278 3334 420 3373 cum
442 3326 574 3374 toto
597 3314 855 3375 exercitu
883 3315 1114 3375 deleuit.
1165 3314 1307 3375 dein
1336 3335 1472 3374 cum
1499 3335 1658 3376 anno
1679 3315 1906 3391 integro
1934 3315 2269 3392 prouincias

284 3410 920 3488 Nordanhymbro'rum
960 3428 1079 3470 non
1113 3421 1179 3471 ut
1218 3430 1323 3471 rex
1360 3409 1549 3470 uictor
1595 3410 1921 3488 possideret
1964 3411 2069 3469 sed
2107 3408 2273 3486 quasi

1955 3543 2106 3581 2--2

2397 3621 2525 3713 A
