2567 3750
249 196 361 264 184
648 208 697 254 A
744 207 890 254 POE
898 205 1020 254 Tlc
1067 205 1395 254 TRIBUTE
1445 205 1534 256 To
1575 206 1800 255 BEDA.
1992 185 2213 267 [TESTI-

399 347 555 396 astra
590 346 799 413 petens
840 334 1046 395 clausit
1086 336 1409 411 praesentis
1450 335 1676 396 lumina
1714 335 1887 395 uitae.

399 433 501 510 qui
539 453 681 493 mox
719 453 757 492 a
795 452 980 510 puero
1021 433 1180 492 libris
1221 432 1483 493 intentus
1523 434 1790 493 adhaesit

396 541 457 590 et
495 540 624 589 toto
664 528 869 589 studiis
911 528 1149 589 seruiuit
1188 540 1430 605 pectore
1471 529 1664 588 sacris.

395 634 602 700 utpote
630 624 991 700 'septennem
1033 642 1210 699 quem
1251 623 1393 682 fecit
1432 624 1576 682 cura‘
1608 633 1919 700 parentum

393 730 554 778 arcta
592 718 930 777 monasterii
972 719 1271 778 Giruensis
1313 721 1564 778 claustra
1603 719 1813 792 subire,
2279 744 2313 804 5

393 813 489 872 cui
528 813 646 872 iarn
685 815 1013 890 praeclarus
1057 813 1387 873 Ceolfridus
1427 813 1675 890 praefuit
1714 816 1934 887 abbas3

325 950 328 957 ›
392 912 492 988 qui
532 910 837 988 peregrina
876 921 1083 987 petens
1127 910 1343 972 Christi
1384 911 1672 971 deductus
1713 930 1929 982 amore,

389 1018 654 1067 mortuus
697 1016 787 1065 est
828 1008 994 1066 exsul
1036 1005 1379 1083 Linguanae
1418 1006 1482 1064 in
1521 1006 1738 1065 finibus
1778 1006 1939 1065 urbis

387 1112 567 1177 atque
606 1100 690 1160 ibi
731 1101 1029 1178 condigno
1070 1101 1210 1160 felix
1251 1103 1568 1160 tumulatus
1609 1102 1835 1160 honore
1876 1111 1979 1159 est.

388 1197 553 1274 cuius
594 1217 807 1273 corpus
848 1208 972 1256 erat
1011 1207 1146 1273 post
1188 1207 1456 1273 tempora
1493 1199 1680 1257 multa
1716 1208 2010 1273 repertum
2241 1224 2311 1261 10

386 1293 676 1370 integrum
715 1291 949 1368 penitus
989 1292 1356 1368 patriamque
1398 1292 1613 1352 exinde
1653 1293 1977 1352 reductum.

386 1408 525 1465 ergo
564 1387 920 1448 monasterio
963 1390 1128 1447 Beda
1166 1389 1416 1448 nutritus
1455 1388 1517 1447 in
1559 1387 1662 1447 illo

384 1483 617 1543 ornauit
656 1494 891 1542 teneros
932 1482 1241 1559 praeclaris
1282 1483 1544 1543 moribus
1585 1502 1788 1544 annos

385 1578 609 1638 discere
649 1597 909 1653 namque
950 1597 1131 1654 sagax
1169 1576 1398 1637 iuuenis
1441 1597 1545 1638 seu
1587 1577 1839 1639 scribere
1880 1597 2111 1654 semper

380 1675 638 1735 feruidus
678 1675 939 1734 instabat
978 1694 1103 1734 non
1144 1674 1310 1750 segni
1350 1684 1550 1734 mente
1591 1676 1866 1734 laborans
1874 1695 1894 1747 3
2237 1697 2303 1756 15

382 1783 442 1831 et
483 1772 568 1832 sic
607 1772 920 1849 proficiens
963 1782 1053 1831 est
1092 1773 1282 1830 factus
1323 1771 1445 1831 iure
1485 1771 1776 1848 magister.

378 1867 628 1945 plurima
667 1879 1022 1945 quapropter
1060 1869 1389 1945 praeclarus
1431 1868 1715 1944 opuscula
1755 1868 1966 1930 doctor

379 1965 566 2025 edidit
606 1968 927 2041 explanans
970 1967 1218 2025 obscura
1258 1965 1565 2026 uolumina
1604 1977 1843 2026 sanctae

378 2062 712 2138 scripturae,
755 2080 870 2120 nec
908 2081 1032 2122 non
1072 2072 1393 2121 metrorum
1434 2062 1704 2122 condidit
1742 2073 1963 2137 artem,

322 2164 330 2183 ²
375 2160 454 2218 de
495 2177 731 2235 quoque
773 2156 1137 2233 temporibus
1178 2156 1326 2215 mira
1363 2157 1588 2217 ratione
1627 2159 1923 2230 uolumen,
2229 2176 2301 2214 20

375 2256 540 2331 quod
580 2264 743 2314 tenet
783 2264 1074 2312 astrorum
1115 2272 1318 2312 cursus
1360 2255 1496 2312 loca
1535 2264 1801 2330 tempora
1841 2256 2016 2330 legeS,

374 2349 621 2426 scripsit,
667 2359 728 2409 et
767 2346 1077 2408 historicos
1119 2351 1277 2409 claro
1321 2368 1593 2410 sermone
1633 2349 1863 2409 libellos
1871 2371 1890 2423 3

374 2446 625 2521 plurima
663 2445 931 2505 uersifico
975 2445 1191 2504 cecinit
1231 2465 1467 2521 quoque
1509 2444 1766 2504 carmina
1805 2448 2045 2523 plectro.

374 2551 509 2599 actu
549 2550 748 2599 mente
788 2541 906 2599 fide
946 2550 1213 2599 ueterum
1254 2540 1504 2617 uestigia
1543 2552 1792 2617 patrum,
1910 2614 1915 2618 .

373 2654 604 2711 semper
644 2635 789 2693 dum
830 2633 990 2705 uixit,
1033 2633 1258 2694 directo
1301 2646 1390 2695 est
1431 2637 1581 2695 calle
1622 2646 1873 2696 secutus,
2224 2647 2293 2705 25

370 2732 541 2791 huius
581 2731 705 2792 uita
745 2733 989 2807 quidem
1039 2733 1226 2808 qualis
1266 2733 1376 2793 fuit
1414 2744 1552 2793 ante
1594 2734 1870 2811 magistri,

368 2831 527 2889 claro
566 2838 702 2905 post
745 2828 974 2888 obitum
1016 2828 1185 2904 signo
1226 2840 1318 2889 est
1356 2833 1649 2907 patefacta
1692 2831 1910 2890 salutis

359 2944 541 3001 aeger
580 2924 738 2984 enim
780 2924 1040 3001 quidam,
1084 2925 1264 3001 patris
1305 2927 1450 2985 dum
1489 2926 1739 3004 cingitur
1778 2926 1916 2986 almi

365 3019 660 3096 relliquiiS,
704 3019 937 3096 penitus
986 3030 1154 3097 peste
1203 3031 1294 3080 est
1335 3031 1572 3081 sanatus
1614 3023 1692 3081 ab
1733 3022 1848 3080 illa.

1068 3191 1089 3225 ⁸
1123 3195 1356 3260 Langres.
