2567 3750
251 92 280 164 2⁴
284 102 346 185 5]
695 115 936 166 SYNOD
981 115 1077 165 OF
1109 113 1670 164 STREANAESHAL
1679 114 1791 164 CH.
2151 116 2217 175 71

247 245 387 306 terio
415 246 818 323 presbyterum
844 245 996 306 fecit.
1081 243 1335 304 habebat
1372 254 1569 303 autem
1592 244 1971 329 'secum‘ipse
1996 245 2228 321 presby-

245 355 430 403 terum
477 343 722 403 nomine
765 343 1152 419 Agathonem.
1237 352 1399 401 mota
1442 361 1580 416 ergo
1633 341 1714 400 ibi
1762 342 2103 418 quaestione
2150 343 2226 401 de

245 442 460 517 pascha
496 441 595 499 uel
632 450 871 499 tonsura
910 439 1008 497 uel
1044 437 1170 497 aliis
1205 438 1380 497 rebus
1418 437 1838 512 ecclesiasticiS,
1879 438 2227 514 dispositum

247 547 333 598 est
370 548 437 597 ut
468 536 532 596 in
566 536 921 596 monasterio
958 535 1121 611 quod
1167 534 1379 594 dicitur
1414 536 1814 609 StrenaeshaIC,
1853 536 2014 611 quod
2057 534 2229 596 inter·

191 651 220 710 5
247 642 503 708 pretatur
549 632 711 692 sinus
760 630 907 702 Fari,
957 631 1053 689 cui
1106 642 1248 690 tunc
1298 630 1448 715 Hild
1501 630 1793 690 abbatissa
1846 632 1963 691 deo
2010 631 2229 692 deuota

245 728 465 788 femina
515 728 783 806 praefuit,
840 729 1100 805 synodus
1145 727 1269 786 fieri
1318 738 1376 787 et
1423 728 1570 786 haec
1622 728 1887 804 quaestio
1933 728 2229 789 terminari

248 827 502 887 deberet.
600 835 1007 901 ueneruntque
1060 824 1162 884 illo
1215 843 1381 900 reges
1435 825 1628 896 amb0‚
1684 836 1849 901 pater
1901 825 2123 885 scilicet
2170 836 2229 886 et

244 921 432 995 filius;
480 918 759 998 episcopi,
801 922 1054 980 Colman
1091 939 1227 978 cum
1263 919 1487 979 clericis
1525 918 1643 978 suis
1679 921 1756 979 de
1786 920 2027 991 ,Scottia,
2065 920 2230 997 Agil-

248 1019 477 1079 berctus
520 1038 659 1078 cum
695 1019 1008 1094 Agathone
1045 1027 1103 1078 et
1140 1009 1391 1076 Vilfrido
1430 1017 1793 1094 presbyteris.
1881 1018 2133 1077 Iacobus
2170 1028 2229 1077 et

162 1136 225 1177 ιο
251 1117 558 1174 Romanus
593 1114 655 1173 in
691 1115 902 1174 horum
937 1125 1101 1189 parte
1146 1124 1344 1173 erant:
1396 1113 1547 1172 Hild
1590 1113 1882 1173 abbatissa
1929 1132 2065 1172 cum
2110 1113 2229 1173 suis

248 1208 309 1266 in
336 1221 500 1285 parte
527 1212 880 1282 Scottorum,
909 1209 972 1267 in
1005 1228 1124 1285 qua
1164 1219 1286 1268 erat
1324 1209 1499 1268 etiam
1535 1208 1882 1269 uenerabilis
1921 1208 2229 1286 episcopus

251 1305 421 1366 Cedd
468 1305 817 1364 iamdudum
865 1304 1167 1365 ordinatus
1211 1324 1246 1364 a
1290 1305 1502 1377 Scottis
1556 1315 1620 1364 ut
1675 1325 1847 1381 supra
1901 1304 2227 1382 docuimuS,

248 1400 351 1477 qui
377 1410 439 1460 et
465 1399 748 1477 interpres
773 1398 837 1459 in
863 1418 935 1460 eo
973 1400 1225 1459 concilio
1259 1400 1733 1477 uigilantissimus
1769 1401 2072 1479 utriusque
2106 1422 2232 1480 par-

249 1496 322 1555 tis
348 1493 552 1556 extitit.

160 1616 220 1676 15
369 1590 714 1668 Primusque
740 1611 840 1651 rex
867 1591 1057 1652 Osuiu
1097 1592 1416 1668 praemissa
1449 1592 1824 1669 praefatione,
1862 1597 2026 1670 quod
2064 1615 2232 1672 opor-

250 1697 395 1747 teret
423 1706 526 1747 eos
554 1687 657 1764 qui
683 1686 787 1746 uni
816 1689 932 1747 deo
961 1688 1238 1748 seruirent
1267 1708 1446 1748 unam
1475 1690 1716 1753 uiuendi
1744 1694 2003 1768 regulam
2033 1705 2230 1754 tenere

250 1803 361 1843 nec
407 1782 737 1860 discrepare
784 1782 847 1843 in
894 1784 1288 1845 celebratione
1341 1797 1836 1846 sacramentorum
1891 1791 2228 1850 caelestium

251 1879 352 1955 qui
376 1898 566 1939 unum
593 1898 801 1939 omnes
827 1878 889 1939 in
916 1880 1094 1940 caelis
1121 1899 1366 1957 regnum
1396 1894 1785 1958 expectarent,
1817 1883 2229 1960 inquirendum

247 1976 444 2052 potius
480 1994 636 2052 quae
671 1986 823 2036 esset
850 1976 1042 2035 uerior
1077 1976 1314 2036 traditio
1352 1987 1411 2038 et
1451 1979 1605 2037 hanc
1643 1980 1719 2039 ab
1759 1982 2034 2043 omnibus
2072 2002 2230 2043 com·
2309 2016 2315 2023 ·

157 2099 226 2137 20
251 2070 505 2131 munitet
557 2089 684 2130 esse
739 2072 1118 2147 sequendam,
1175 2071 1341 2132 iussit
1396 2072 1586 2150 primo
1640 2075 1834 2135 dicere
1888 2076 2229 2154 episcopum

251 2187 422 2227 suum
457 2170 834 2242 Colmanum,
876 2168 979 2246 qui
1016 2179 1167 2229 esset
1203 2168 1346 2229 ritus
1384 2181 1442 2230 et
1481 2172 1642 2231 unde
1686 2172 1966 2249 originem
2005 2174 2229 2234 ducens

249 2262 347 2325 ille
380 2282 560 2339 quem
600 2263 726 2339 ipse
768 2274 1124 2340 sequeretur.
1207 2276 1333 2324 tum
1366 2268 1689 2326 Colmanus
1733 2272 1749 2299 ‘
1765 2270 1984 2344 pascha
2000 2271 2014 2297 '
2040 2269 2229 2345 inquit

252 2365 269 2395 ‘
284 2362 448 2437 quod
494 2380 669 2437 agere
713 2362 876 2423 soleo
921 2381 961 2421 a
1006 2362 1321 2422 maioribus
1367 2363 1514 2423 meis
1560 2364 1764 2441 accepi
1808 2365 1910 2441 qui
1961 2387 2058 2426 me
2112 2370 2229 2428 huc

251 2455 594 2532 episcopum
646 2455 944 2530 miserunt,
1003 2459 1166 2534 quod
1220 2478 1427 2519 omnes
1480 2470 1673 2536 patres
1727 2460 1909 2521 nostri
1957 2462 2066 2522 uiri
2114 2465 2228 2524 deo

157 2584 184 2622 2
190 2582 221 2642 5
250 2555 450 2615 dilecti
493 2555 708 2616 eodem
749 2557 932 2616 modo
988 2558 1312 2617 celebrasse
1366 2569 1701 2618 noscuntur.
1789 2561 1950 2635 quod
2002 2580 2080 2621 ne
2133 2561 2229 2620 cui

249 2653 751 2726 contemnendum
795 2663 854 2713 et
896 2655 1330 2730 reprobandum
1379 2674 1507 2715 esse
1560 2655 1843 2731 uideatur,
1892 2656 2086 2733 ipsum
2141 2671 2230 2720 est

250 2748 410 2823 quod
477 2748 686 2807 beatus
752 2749 1107 2825 euangelista
1163 2751 1460 2810 Iohannes
1527 2750 1847 2827 discipulus
1907 2752 2231 2828 specialiter

249 2843 494 2906 domino
548 2844 796 2905 dilectus
849 2864 988 2904 cum
1041 2845 1314 2905 omnibus
1371 2845 1585 2921 quibus
1651 2858 1913 2923 praeerat
1968 2850 2229 2910 eeclesiis

249 2940 574 3001 celebrasse
608 2939 853 3016 legitur!
934 2958 1054 3015 quo
1097 2942 1246 3000 haec
1290 2950 1348 3000 et
1388 2940 1478 2999 his
1520 2940 1731 3000 similia
1771 2941 2020 3016 dicente,
2063 2942 2230 3003 iussit

153 3061 227 3118 30
248 3057 348 3098 rex
394 3049 454 3099 et
499 3038 903 3115 Agilberctum
954 3039 1206 3115 proferre
1248 3038 1311 3097 in
1354 3037 1615 3097 medium
1662 3057 1887 3097 morem
1942 3058 2084 3100 suae
2129 3040 2230 3100 ob-

249 3130 593 3192 seruationis
636 3135 798 3193 unde
842 3131 1074 3192 initium
1115 3133 1357 3192 haberet
1392 3135 1489 3191 uel
1531 3151 1647 3208 qua
1687 3133 1846 3194 hunc
1888 3133 2229 3193 auctoritate
