2567 3750
347 157 412 240 3]
634 175 784 224 SEE
830 176 928 224 OF
957 172 1471 226 LJNDJSFARNE
1512 177 2045 227 ESTABLJSJJED.
2257 184 2287 222 2
2296 183 2329 238 3

341 304 672 382 susciperet
709 316 1088 365 sacramenta.
1177 322 1373 382 neque
1400 307 1703 383 aliquanto
1731 310 1951 369 tardius
1979 310 2140 385 quod
2160 311 2330 387 petiit

336 400 701 477 inpetrauit:
758 401 989 476 accepit
1034 420 1290 476 namque
1335 402 1676 478 pontificem
1718 405 2031 463 Aedanum
2068 425 2329 466 summae

335 496 814 554 mansuetudinis
871 506 931 555 et
982 496 1215 572 pietatis
1268 517 1342 555 ac
1397 498 1814 557 moderaminis
1868 500 2058 558 uirum
2112 501 2331 560 haben-

335 599 582 666 temque
621 591 815 649 zelum
842 590 942 650 dei
971 591 1237 666 quamuis
1278 611 1403 650 non
1435 594 1609 667 plene
1646 593 1969 652 secundum
2006 594 2324 654 scientiam.

281 689 312 746 5
339 704 603 761 namque
641 685 801 746 diem
840 687 1092 762 paschae
1138 685 1500 745 dominicum
1536 706 1700 747 more
1738 706 1877 747 suae
1914 688 2120 764 gentiS‚
2164 689 2328 748 cuius

339 781 574 857 saepius
621 780 988 840 mentionem
1039 780 1303 853 fecimuS‚
1356 800 1392 839 a
1438 780 1588 839 xiiiia
1634 782 1773 839 luna
1819 802 2004 858 usque
2050 784 2127 842 ad
2181 793 2329 840 xxam

341 878 658 937 obseruare
739 879 983 938 solebat.
1094 879 1212 938 hoc
1286 877 1507 937 etenim
1582 879 1788 938 ordine
1860 878 2327 955 septentrionalis

342 973 680 1032 Scottorum
734 973 1036 1048 prouincia
1080 984 1142 1033 et
1189 974 1383 1033 omnis
1429 972 1593 1032 natio
1644 972 1935 1032 Pictorum
1986 973 2087 1032 illo
2130 974 2325 1032 adhuc

341 1078 611 1145 tempore
664 1071 886 1145 pascha
940 1068 1301 1129 dominicum
1365 1070 1718 1142 celebrabat,
1774 1070 2090 1129 aestimans
2145 1090 2207 1129 se
2263 1071 2324 1128 in

250 1176 318 1212 10
340 1163 453 1222 hac
517 1165 929 1225 obseruatione
995 1164 1181 1224 sancti
1235 1183 1306 1222 ac
1362 1165 1536 1224 laude
1596 1164 1758 1240 digni
1819 1166 1999 1240 patris
2063 1164 2324 1225 Anatolii

338 1258 558 1335 scripta
584 1271 864 1319 secutam.
947 1261 1110 1335 quod
1145 1279 1223 1317 an
1257 1278 1462 1318 uerum
1503 1260 1593 1331 sit,
1636 1259 1853 1336 peritus
1882 1260 2135 1336 quisque
2165 1260 2322 1318 facil-

336 1355 478 1415 lime
505 1356 828 1432 cognoscit.
910 1377 1085 1433 porro
1111 1368 1317 1432 gentes
1347 1359 1679 1416 Scottorum
1709 1376 1859 1432 quae
1886 1357 1945 1414 in
1975 1357 2321 1416 australibus

343 1451 672 1510 Hiberniae
724 1450 949 1511 insulae
990 1452 1250 1528 partibus
1292 1454 1672 1511 morabantur
1718 1452 2062 1511 iamdudum
2104 1455 2180 1513 ad
2221 1456 2322 1512 ad-

338 1546 727 1607 monitionem
754 1548 1113 1624 apostolicae
1146 1549 1303 1608 sedis
1331 1548 1603 1607 antistitis
1642 1551 1863 1624 pascha
1889 1549 2179 1609 canonico
2208 1551 2320 1608 ritu

247 1651 310 1708 15
339 1643 651 1701 obseruare
680 1641 1025 1702 didicerunt.

457 1738 738 1797 Venienti
774 1739 946 1815 igitur
982 1740 1060 1798 ad
1097 1759 1176 1799 se·
1199 1739 1483 1815 episcopo
1519 1759 1621 1798 rex
1662 1741 1858 1800 locum
1901 1740 2055 1800 sedis
2094 1740 2318 1817 episco-

334 1833 485 1908 palis
522 1832 584 1892 in
621 1833 811 1894 insula
839 1835 1302 1896 Lindisfarnensi
1338 1836 1440 1896 ubi
1478 1835 1604 1913 ipse
1641 1838 1883 1913 petebat
1919 1836 2131 1897 tribuit.
2219 1836 2319 1913 qui

334 1930 614 1991 uidelicet
652 1934 819 1991 locus
853 1934 1170 1992 accedente
1212 1953 1283 1992 ac
1323 1934 1635 1992 recedente
1671 1945 1933 1992 reumate
1971 1932 2061 1992 bis
2102 1933 2319 1992 cotidie

336 2025 517 2084 instar
564 2027 791 2086 insulae
839 2028 1013 2088 maris
1067 2028 1465 2087 circumluitur
1517 2027 1709 2100 undiS‚
1757 2027 1849 2088 bis
1903 2030 2192 2087 renudato
2229 2027 2319 2086 lit-

244 2140 312 2177 20
335 2132 461 2182 tore
505 2122 815 2198 contiguus
860 2135 1043 2184 terrae
1087 2125 1385 2196 redditur;
1425 2136 1602 2199 atque
1652 2123 1775 2183 eius
1815 2124 2317 2183 admonitionibus

334 2217 632 2278 humiliter
688 2238 761 2278 ac
816 2220 1061 2279 libenter
1120 2220 1183 2278 in
1254 2219 1530 2278 omnibus
1601 2220 1937 2277 auscultans
2007 2218 2314 2276 ecclesiam

335 2314 556 2373 Christi
591 2313 655 2372 in
697 2333 881 2389 regno
920 2333 1026 2373 suo
1070 2316 1322 2372 multum
1368 2313 1677 2389 diligenter
1716 2313 2025 2372 aedificare
2066 2331 2138 2369 ac
2177 2312 2317 2371 dila-

333 2418 455 2467 tare
511 2409 754 2468 curauit.
841 2408 943 2468 ubi
997 2408 1392 2484 pulcherrimo
1445 2428 1623 2484 saepe
1679 2409 2015 2483 spectaculo
2070 2405 2314 2481 contigit

330 2514 395 2563 ut
435 2506 875 2580 euangelizante
928 2505 1187 2564 antistite
1229 2505 1330 2580 qui
1379 2506 1703 2581 Anglorum
1755 2503 2010 2579 linguam
2056 2504 2313 2578 perfecte

243 2614 305 2672 25
331 2619 452 2659 non
498 2613 747 2661 nouerat
791 2601 920 2677 ipse
974 2621 1073 2660 rex
1115 2601 1234 2660 suis
1277 2601 1526 2660 ducibus
1574 2620 1646 2659 ac
1701 2599 1977 2658 ministris
2032 2599 2312 2674 interpres

329 2696 497 2756 uerbi
552 2697 825 2756 existeret
871 2697 1177 2771 caelestis;
1244 2696 1384 2771 quia
1436 2696 1709 2754 nimirum
1765 2706 1885 2754 tam
1932 2696 2110 2769 longo
2159 2694 2312 2754 exilii

329 2790 417 2848 sui
455 2800 721 2865 tempore
765 2790 1025 2866 linguam
1047 2793 1403 2850 ‚Scottorum
1448 2789 1566 2848 iam
1610 2791 1786 2865 plene
1834 2788 2134 2848 didicerat.
2219 2808 2314 2848 ex-

327 2885 389 2943 in
436 2903 691 2960 coepere
738 2887 933 2960 plures
981 2905 1087 2961 per
1133 2886 1260 2945 dies
1316 2886 1392 2944 de
1447 2887 1784 2944 Scottorum
1825 2884 2063 2959 regione
2109 2884 2311 2945 uenire

329 2980 675 3039 Brittaniam
722 2992 903 3056 atque
949 2980 1061 3038 illis
1113 2980 1441 3055 Anglorum
1484 2979 1807 3055 prouinciis
1856 2979 2065 3054 quibus
2114 2999 2313 3057 regna-

239 3100 308 3154 30
327 3077 411 3136 uit
467 3076 695 3137 Osuald
734 3095 951 3152 magna
991 3076 1314 3136 deuotione
1361 3078 1610 3135 uerbum
1663 3075 1802 3133 fidei
1855 3054 2190 3149 praedicare
2252 3088 2309 3135 et

327 3172 699 3232 credentibus
738 3172 984 3249 gratiam
1026 3170 1306 3247 baptismi
1361 3170 1716 3246 quicumque
1758 3169 2104 3229 sacerdotali
2146 3184 2308 3230 erant

324 3269 509 3345 gradu
563 3267 812 3345 praediti
862 3267 1205 3327 ministrare.
1305 3267 1794 3325 construebantur
1842 3284 1979 3341 ergo
2028 3266 2308 3325 ecclesiae

877 3389 898 3421 ¹
929 3391 1177 3457 susciperet
1198 3387 1280 3439 C¹.
1348 3389 1599 3451 susceperit
1620 3403 1708 3436 ms.
