2567 3750
281 228 378 313 18]
619 246 754 297 HIS
791 247 1043 296 ERROR
1084 249 1561 301 RESPECTJNG
1597 252 1912 304 EASTER.
2186 259 2219 318 5
2234 261 2260 300 1

274 375 566 447 omnibuS‚
596 396 752 454 quae
778 378 843 437 in
873 377 1229 455 euangelicis
1257 381 1353 440 uel
1382 381 1722 456 apostolicis
1757 383 1882 445 siue
1908 386 2266 462 propheticis

272 473 478 535 litteris
518 473 794 534 facienda
833 485 1208 551 cognouerat,
1254 478 1717 553 praetermittere
1758 481 1863 539 sed
1907 492 2122 542 cuncta
2156 502 2267 559 pro

271 571 390 632 suis
444 570 668 632 uiribus
722 572 998 650 operibus
1053 574 1286 649 explere
1340 575 1601 634 curabat.
1686 578 1834 637 haec
1887 577 1949 636 in
2004 580 2266 656 praefato

270 665 533 727 antistite
559 667 814 727 multum
842 669 1204 743 complector
1229 678 1292 727 et
1318 687 1473 742 ame,
1503 669 1643 745 quia
1667 666 1945 732 nimirum
1971 675 2121 736 haec
2148 677 2266 736 deo

215 788 245 846 5
270 764 561 842 placuisse
601 784 729 824 non
769 764 1021 841 ambigo.
1101 766 1272 841 quod
1313 777 1512 826 autem
1553 771 1775 844 pascha
1816 789 1939 829 non
1980 790 2087 831 suo
2125 782 2269 832 tem-

270 880 414 938 pore
458 863 815 922 obseruabat
856 863 953 921 uel
996 861 1354 921 canonicum
1401 863 1524 924 eius
1569 876 1799 942 tempus
1846 867 2130 943 ignorans>
2169 872 2266 930 uel

272 976 413 1017 suae
448 957 643 1034 gentis
675 957 1021 1018 auctoritate
1054 978 1131 1018 ne
1163 957 1426 1034 agnitum
1461 973 1801 1037 sequeretur
1827 963 2112 1036 deuictuS,
2143 976 2266 1025 non

271 1054 544 1129 adprobo
586 1072 702 1113 nec
742 1054 940 1114 laud0.
1025 1053 1087 1112 in
1129 1073 1250 1130 quo
1294 1065 1492 1114 tamen
1535 1055 1651 1116 hoc
1698 1058 1984 1134 adprobo,
2026 1060 2166 1136 quia
2206 1061 2269 1119 in

271 1149 672 1209 celebratione
716 1149 808 1209 sui
846 1151 1106 1226 paschae
1152 1169 1277 1209 non
1320 1150 1479 1210 aliud
1525 1152 1704 1211 corde
1748 1155 1988 1214 tenebat
2030 1174 2269 1215 uenera-

181 1270 248 1309 10
274 1249 445 1306 batur
491 1256 553 1307 et
587 1245 982 1323 praedicabat,
1030 1266 1209 1323 quam
1247 1248 1411 1323 quod
1449 1266 1577 1320 nOS,
1616 1246 1678 1308 id
1714 1259 1805 1308 est
1839 1249 2267 1310 redemtionem

271 1343 505 1419 generis
541 1342 786 1402 humani
824 1361 931 1418 per
963 1342 1301 1419 passionem
1337 1343 1823 1403 resurrectionem
1858 1337 2281 1404 ascensionem

273 1440 336 1498 in
373 1440 574 1499 caelos
616 1438 954 1499 mediatoris
991 1439 1090 1499 dei
1118 1449 1177 1499 et
1213 1437 1522 1498 hominum
1557 1440 1815 1499 hominis
1857 1443 1995 1500 Iesu
2033 1440 2265 1502 Christi.

272 1536 438 1594 unde
466 1545 528 1594 et
554 1536 711 1615 hanc
746 1554 905 1610 non,
927 1546 992 1594 ut
1025 1534 1266 1610 quidam
1304 1535 1452 1605 falso
1493 1535 1822 1612 opinantur,
1863 1535 2014 1612 xiiija
2040 1538 2181 1596 luna
2207 1538 2269 1596 in

273 1631 541 1708 qualibet
575 1631 720 1691 feria
745 1651 882 1690 cum
910 1630 1149 1690 Iudaeis
1178 1632 1284 1690 sed
1312 1630 1408 1691 die
1437 1630 1737 1691 dominica
1774 1650 2004 1708 semper
2038 1636 2267 1710 agebat,

182 1750 244 1808 15
273 1747 310 1786 a
345 1729 493 1786 luna
527 1725 682 1804 xiiija
716 1746 905 1803 usque
941 1727 1017 1786 ad
1058 1737 1232 1802 xx2m3
1272 1737 1513 1802 propter
1545 1727 1728 1785 fidem
1770 1726 2048 1788 uidelicet
2088 1727 2271 1788 domi-

275 1823 448 1885 nicae
490 1823 930 1885 resurrectionis
974 1843 1155 1901 quam
1198 1842 1320 1882 una
1360 1824 1590 1884 sabbati
1636 1825 1869 1897 factam,
1915 1835 2271 1903 propterque

276 1941 446 1999 spem
481 1930 722 1979 nostrae
755 1919 1192 1979 resurrectionis
1230 1939 1409 1995 quam
1449 1919 1658 1979 eadem
1698 1939 1817 1978 una
1853 1921 2081 1981 sabbati
2118 1940 2271 1996 quae

276 2036 439 2076 nunc
487 2015 790 2076 dominica
836 2016 964 2075 dies
1010 2015 1224 2076 dicitur
1265 2014 1550 2074 ueraciter
1590 2016 1846 2074 futuram
1889 2034 2026 2074 cum
2065 2028 2272 2075 sancta

278 2111 531 2172 ecclesia
558 2112 858 2172 credebat.

179 2372 209 2411 2
1171 2342 1394 2400 xvm

217 2374 253 2411 0

294 2490 424 2615 H
440 2492 515 2550 IS
544 2486 910 2564 temporibus
935 2504 1116 2562 regno
1146 2485 1532 2546 Orientalium
1555 2487 1897 2563 Anglorum‚
1930 2499 2065 2564 post
2092 2490 2271 2564 Earp-

479 2586 727 2645 ualdum
780 2581 1078 2641 Redualdi
1138 2600 1555 2652 successorem,
1601 2580 1866 2657 Sigberct
1917 2584 2093 2641 frater
2147 2583 2269 2642 eius

280 2682 534 2761 praefuit
559 2683 743 2740 homo
769 2680 963 2738 bonus
990 2697 1061 2735 ac
1086 2676 1389 2754 religiosus
1401 2698 1419 2751 3
1447 2676 1549 2753 qui
1576 2677 1804 2736 dudum
1830 2675 1892 2735 in
1915 2676 2108 2737 Gallia
2128 2676 2270 2736 dum

282 2777 622 2839 inimicitias
650 2774 948 2835 Redualdi
975 2772 1202 2851 fugiens
1230 2774 1491 2832 exularet
1517 2774 1817 2832 lauacrum
1845 2773 2120 2849 baptismi
2146 2793 2274 2852 per-

180 2899 249 2958 ²5
281 2876 447 2954 cepit
498 2886 559 2936 et
599 2872 848 2951 patriam
901 2890 1186 2943 reuersus,
1230 2868 1333 2927 ubi
1376 2888 1558 2943 regno
1601 2870 1820 2945 potitus
1868 2880 1974 2944 est,
2019 2889 2160 2931 mox
2197 2890 2275 2930 ea

284 2994 444 3053 quae
470 2973 533 3033 in
562 2971 768 3034 Galliis
800 2973 955 3030 bene
983 2967 1268 3045 disposita
1304 2965 1455 3025 uidit
1491 2964 1704 3024 imitari
1740 2965 1985 3041 cupiens
2023 2966 2273 3027 instituit

284 3071 554 3132 scholam
580 3070 643 3129 in
670 3088 789 3144 qua
816 3065 980 3144 pueri
1006 3064 1209 3124 litteris
1233 3062 1613 3133 erudirentur,
1644 3060 1884 3120 iuuante
1905 3081 1969 3122 se
1991 3061 2272 3138 episcopo

287 3169 490 3229 Felice
517 3186 695 3245 quem
724 3153 800 3224 de
838 3162 1051 3225 Cantia
1087 3170 1394 3237 acceperat
1433 3157 1633 3233 eisque
1670 3157 2012 3234 pedagogos
2047 3176 2121 3216 ac
2154 3176 2273 3215 ma-

285 3267 501 3346 gistros
525 3265 687 3325 iuxta
712 3281 936 3323 morem
966 3257 1415 3321 Cantuariorum
1443 3255 1778 3331 praebente.

184 3390 262 3447 30
417 3367 789 3438 Tantumque
827 3378 930 3418 rex
960 3357 1058 3416 ille
1095 3353 1363 3415 caelestis
1399 3349 1565 3429 regni
1599 3359 1826 3408 amator
1858 3350 2044 3409 factus
2082 3360 2169 3410 est
2206 3362 2269 3409 ut

679 3474 723 3519 ω
760 3455 915 3524 Gallis
933 3486 1025 3519 ms.
1099 3487 1106 3495 ·
1512 3458 1554 3492 2⁷
1585 3458 1773 3508 lamiis
1794 3473 1885 3507 ms·

1955 3571 2105 3624 4—2
