2567 3750
333 236 436 307 '46
808 270 813 277 -
981 251 1137 300 ΒΕΑ
1150 251 1258 299 ΤΗ
1297 251 1391 300 OF
1423 251 1705 302 AEDAN.
2211 233 2333 316 [ΙΙΙ

324 395 489 436 -cors
533 387 615 437 et·
644 377 834 436 cultor
885 396 1207 452 pauperum
1262 397 1333 435 ac
1372 379 1533 437 uelut
1573 389 1739 453 pater
1780 377 2136 439 miserorum.
2222 381 2334 439 hoc

357 489 494 528 curn
533 471 654 546 regi
689 481 843 530 esset
877 472 1137 542 relatum,
1169 471 1405 531 dicebat
1447 471 1727 548 episcopo
1761 493 1896 532 cum
1937 475 2084 534 forte
2125 474 2334 550 ingres·

355 567 474 626 suri
521 578 715 627 essent
759 569 836 627 ad
878 567 1227 643 prandium:
1272 573 1286 600 ‘
1308 568 1451 643 quid
1496 568 1751 640 uoluisti,
1793 569 2033 630 domine
2070 571 2328 645 antisteS‚

353 682 574 738 equum
606 662 830 738 regium
869 681 1047 737 quern
1083 672 1142 721 te
1180 662 1574 722 conueniebat
1610 664 1910 739 proprium
1944 667 2163 726 habere
2194 687 2332 743 pau·
2537 738 2538 745 ἵ

353 757 481 832 peri
507 757 691 815 dare?
754 757 1043 839 numquid
1071 775 1195 815 non
1226 756 1541 817 habuimus
1569 777 1753 834 equos
1781 759 2013 819 uiliores
2048 761 2329 836 plurimos
2394 784 2430 843 5
2537 770 2538 813 ἐ

351 853 449 910 uel
476 851 618 910 alias
646 844 870 926 species
908 871 1059 927 quae
1096 852 1173 911 ad
1209 871 1533 928 pauperum
1562 855 1722 913 dona
1749 855 2095 927 sufficerent,
2132 875 2329 932 quam·
2537 846 2538 855 ¹

349 944 442 1004 uis
477 945 640 1004 illurn
677 946 759 1004 eis
797 965 1013 1021 equum
1050 966 1173 1006 non
1211 949 1379 1008 dares
1418 967 1594 1024 quem
1632 947 1741 1007 tibi
1784 949 2113 1024 specialiter
2147 952 2327 1028 possi-
2537 936 2538 1019 Ῑ

353 1044 615 1103 dendum
654 1043 800 1119 elegi
818 1047 875 1103 Ρ
956 1044 1051 1102 cui
1092 1043 1288 1103 statim
1332 1044 1645 1120 episcopus
1688 1045 1866 1121 ‘quid
1914 1047 2196 1122 loqueris'
2243 1048 2327 1107 in·
2537 1040 2538 1051 ¹

348 1141 491 1216 quit,
526 1145 540 1173 ‘
559 1145 703 1200 rex?
784 1140 1071 1217 numquid
1109 1140 1215 1201 tibi
1249 1141 1437 1200 carior
1476 1153 1564 1201 est
1601 1142 1698 1200 ille
1733 1141 1884 1201 filius
1924 1162 2112 1218 equae
2150 1164 2322 1219 quam

348 1235 446 1295 ille
493 1237 646 1295 filius
704 1235 874 1295 dei?'
955 1237 1167 1312 quibus
1210 1235 1382 1294 dictis
1437 1235 1734 1294 intrabant
1775 1239 1852 1296 ad
1894 1238 2324 1313 prandendum.
2358 1263 2431 1300 10
2537 1232 2538 1237 ¹

349 1345 408 1391 et
437 1333 749 1409 episcopus
777 1332 1012 1408 quidem
1041 1333 1335 1394 residebat
1365 1333 1424 1390 in
1453 1352 1560 1392 suo
1588 1336 1723 1393 loco
1749 1355 1762 1393 z
1808 1354 1984 1410 porro
2011 1355 2126 1409 rex,
2154 1356 2329 1396 uene-

345 1437 435 1484 rat
463 1428 618 1486 enirn
645 1429 722 1486 de
741 1439 976 1498 uenatu,
1000 1428 1197 1502 coepit
1223 1426 1552 1487 consistens
1580 1430 1657 1487 ad
1685 1430 1883 1488 focum
1912 1429 2161 1488 calefieri
2189 1449 2325 1489 cum

344 1521 636 1593 ministriS,
668 1532 727 1579 et
753 1532 992 1596 repente
1032 1521 1184 1580 inter
1223 1521 1687 1581 calefaciendum
1726 1524 2040 1582 recordans
2076 1526 2324 1583 uerbum

346 1620 509 1694 quod
548 1617 770 1678 dixerat
813 1617 897 1677 illi
934 1619 1192 1691 antistes,
1235 1620 1510 1679 discinxit
1553 1640 1616 1680 se
1659 1621 1858 1696 gladio
1903 1642 2010 1682 suo
2054 1635 2115 1683 et
2157 1625 2324 1684 dedit

343 1712 509 1771 illum
555 1714 840 1786 ministro,
883 1715 1242 1791 festinusque
1284 1719 1577 1777 accedens
1630 1729 1769 1777 ante
1822 1720 2008 1794 pedes
2057 1720 2323 1799 episcopi
2358 1738 2424 1796 15

343 1812 575 1871 conruit
628 1813 930 1888 postulans
969 1822 1034 1871 ut
1075 1812 1185 1871 sibi
1225 1814 1490 1890 placatus
1537 1819 1708 1887 esset,
1753 1815 1924 1891 ‘quia
1963 1824 2324 1894 numquam’

340 1907 533 1983 inquit
575 1911 591 1941 6
611 1908 889 1984 deinceps
931 1908 1152 1985 aliquid
1190 1911 1399 1985 loquar
1440 1910 1515 1969 de
1557 1911 1673 1970 hoc
1712 1921 1815 1970 aut
1856 1909 2134 1972 iudicabo
2174 1914 2321 1990 quid

340 2006 437 2062 uel
485 2016 770 2079 quantum
819 2003 894 2063 de
941 2004 1192 2081 pecunia
1237 2015 1439 2065 nostra
1484 2005 1616 2065 filiis
1664 2006 1761 2065 dei
1806 2007 2024 2066 tribuas
2044 2009 2077 2066 ’.
2156 2014 2321 2086 quod

340 2098 549 2156 uidens
602 2098 914 2174 episcopus
967 2102 1215 2158 multum
1268 2100 1567 2176 pertimuit
1619 2119 1692 2159 ac
1746 2101 1941 2160 statim
2003 2121 2321 2180 exsurgens

337 2192 558 2253 leuauit
585 2212 739 2266 eum,
779 2195 1125 2270 promittens
1153 2216 1217 2256 se
1241 2199 1496 2257 multum
1533 2198 1616 2256 illi
1652 2218 1779 2259 esse
1819 2201 2134 2274 placatum,
2176 2203 2319 2261 dum
2348 2217 2424 2255 20

337 2291 517 2349 modo
545 2289 643 2349 ille
671 2291 931 2350 residens
967 2292 1044 2351 ad
1079 2293 1277 2368 epulas
1312 2292 1602 2352 tristitiam
1630 2295 1970 2369 deponeret.
2054 2297 2319 2373 dumque

331 2405 436 2444 rex
473 2384 714 2445 iubente
751 2404 823 2445 ac
859 2389 1192 2462 postulante
1228 2387 1509 2464 episcopo
1546 2388 1826 2448 laetitiam
1854 2389 2157 2465 reciperet,
2189 2412 2320 2451 coe-

335 2482 420 2559 pit
469 2502 503 2542 e
555 2493 762 2542 contra
816 2483 1129 2560 episcopus
1177 2484 1352 2543 tristis
1396 2503 1587 2560 usque
1633 2484 1711 2543 ad
1765 2485 2143 2545 lacrimarum·
2188 2507 2320 2563 pro-

331 2578 624 2639 fusionem
666 2580 833 2639 effici.
935 2598 1113 2655 quem
1155 2580 1297 2638 dum
1337 2582 1643 2656 presbyter
1689 2598 1828 2639 suus
1872 2580 2070 2657 lingua
2109 2584 2316 2658 patria,

332 2694 510 2749 quarn
541 2695 648 2735 rex
670 2687 728 2736 et
757 2675 1067 2736 domestici
1104 2675 1227 2735 eius
1264 2695 1388 2736 non
1428 2687 1733 2748 nouerant,
1775 2696 1954 2753 quare
1991 2677 2320 2739 lacrimare·
2349 2701 2377 2737 2
2386 2697 2416 2755 5

331 2781 423 2828 tur
472 2770 901 2849 interrogasset,
960 2777 975 2805 6
994 2773 1139 2832 scio'
1177 2772 1368 2849 inquit
1417 2778 1432 2806 6
1450 2773 1589 2849 quia
1641 2791 1764 2831 non
1811 2775 1997 2833 multo
2045 2786 2318 2854 ternpore

329 2866 588 2927 uicturus
630 2882 720 2928 est
758 2888 877 2941 rex,
926 2888 1229 2945 nunquam
1272 2869 1429 2928 enirn
1470 2880 1610 2929 ante
1659 2869 1806 2929 haec
1855 2869 1980 2929 uidi
2027 2871 2318 2933 humilem

329 2982 543 3038 regem.
629 2966 790 3024 unde
826 2964 1233 3025 animaduerto
1268 2964 1434 3023 illurn
1475 2964 1646 3024 citius
1675 2984 1750 3024 ex
1785 2966 1898 3023 hac
1937 2964 2058 3025 uita
2085 2969 2318 3044 rapien-

330 3059 491 3128 dum,
540 3078 663 3118 non
704 3060 863 3119 enirn
904 3061 1083 3136 digna
1123 3071 1210 3120 est
1249 3063 1399 3120 haec
1438 3080 1583 3136 gens
1637 3063 1815 3120 talem
1868 3062 2084 3121 habere
2125 3077 2317 3126 recto-

327 3156 488 3212 rem!
569 3172 682 3213 nec
727 3158 912 3215 multo
953 3167 1091 3232 post
1133 3157 1260 3216 dira
1307 3157 1581 3216 antistitis
1623 3155 1924 3232 praesagia
1965 3156 2116 3217 tristi
2158 3162 2315 3237 regis
2346 3175 2418 3231 30

328 3247 531 3306 funere
559 3247 634 3306 de
662 3231 780 3322 quo
810 3269 984 3325 supra
1011 3250 1263 3310 diximus
1291 3250 1533 3327 impleta
1560 3261 1709 3311 sunt.

449 3340 567 3399 Sed
622 3352 681 3399 et
733 3341 859 3417 ipse
912 3344 1152 3404 antistes
1192 3343 1392 3403 Aidan
1445 3364 1569 3404 non
1609 3347 1742 3422 plus
1796 3365 1973 3422 quarn
2026 3346 2135 3405 xii⁰
2175 3362 2315 3425 post

329 3433 686 3495 occisionem
740 3438 889 3514 regis
942 3457 1119 3514 quem
1168 3442 1406 3501 amabat
1455 3441 1570 3515 die,
1621 3440 1683 3501 id
1728 3452 1815 3501 est
1870 3440 2056 3517 pridie
2111 3445 2314 3504 kalen·
