2567 3750
239 261 313 335 55
637 270 975 327 FURSEUS
1016 277 1266 340 COMES
1305 274 1404 327 To
1443 270 1825 327 ENGLAND.
2091 257 2220 340 [ΠΙ

236 395 473 464 ’cuniam
515 422 638 466 non
679 406 1025 483 accepisseS,
1062 426 1176 466 nec
1217 395 1414 482 poena
1435 405 1573 466 eius
1593 403 1680 464 ‘in
1707 410 1781 465 ‘te
1817 405 2081 467 arderet.'
2165 416 2226 466 et

145 512 149 517 '
235 505 402 579 plura
433 504 688 562 locutus
737 503 880 578 quid
936 522 1072 578 erga
1125 490 1374 561 salutem
1429 521 1632 561 eorum
1687 501 1789 577 qui
1842 504 1923 561 ad
1977 513 2225 562 mortem

235 597 606 673 poeniterent
660 610 815 657 esset
869 599 1164 674 agendum
1213 596 1441 657 *salubri
1496 598 1766 657 sermone
1819 597 2037 657 docuit.
2127 598 2228 673 qui

235 696 617 770 postmodum
655 694 714 752 in
755 714 998 771 corpore
1038 694 1338 753 restitutus
1380 693 1542 753 omni
1582 693 1739 752 uitae
1780 712 1923 752 suae
1962 705 2229 768 tempore

237 788 470 864 signum
508 787 767 846 incendii
812 789 975 863 quod
1013 786 1076 845 in
1116 786 1315 847 anima
1355 786 1593 862 pertulit
1629 786 1860 846 uisibile
1901 787 2128 846 cunctis
2164 786 2225 844 in

236 886 483 944 humero
529 885 886 961 maxillaque
935 885 1225 961 portauit:
1294 869 1623 960 mirumque
1666 885 1729 942 in
1772 884 2019 943 modum
2064 884 2226 959 quod

237 983 435 1043 anima
489 983 550 1041 in
605 985 842 1042 occulto
895 1002 1069 1059 passa
1123 982 1198 1043 sit
1251 1001 1390 1042 caro
1443 984 1640 1058 palam
1699 982 2222 1058 praemonstrabat,

237 1080 477 1137 curabat
504 1088 703 1137 autem
733 1097 980 1154 semper,
1007 1078 1155 1139 sicut
1183 1090 1242 1137 et
1269 1092 1445 1137 antea
1471 1079 1662 1137 facere
1689 1088 2015 1151 consuerat,
2042 1077 2227 1136 omni·

234 1174 348 1231 bus
377 1190 526 1248 opus
560 1171 844 1231 uirtutum
880 1183 940 1231 et
977 1174 1260 1248 exemplis
1298 1172 1609 1232 ostendere
1647 1182 1710 1232 et
1744 1172 2080 1248 praedicare
2116 1191 2226 1230 ser·

236 1269 526 1329 monibus,
606 1269 873 1334 ordinem
901 1280 1101 1328 autem
1128 1268 1424 1328 uisionum
1453 1288 1684 1328 suarum
1712 1269 1824 1329 illis
1852 1271 2227 1330 solummodo

236 1364 338 1439 qui
382 1374 620 1441 propter
663 1364 1018 1423 desiderium
1060 1365 1534 1441 compunctionis
1575 1365 2013 1441 interrogabant
2055 1385 2229 1442 expo-

236 1481 376 1524 nere
404 1464 659 1521 uolebat.
745 1474 1010 1537 superest
1045 1463 1242 1520 adhuc
1278 1464 1453 1520 frater
1489 1460 1732 1537 quidam
1773 1461 1969 1522 senior
1999 1480 2231 1521 monas·

237 1556 365 1615 terii
407 1556 591 1617 nostri
623 1557 723 1634 qui
767 1577 998 1616 narrare
1036 1560 1186 1617 solet
1225 1557 1439 1617 dixisse
1483 1557 1595 1617 sibi
1637 1559 1938 1633 quendam
1980 1559 2229 1617 multum

224 1668 510 1735 *ueracem
552 1673 622 1712 ac
662 1653 999 1730 religiosum
1035 1654 1341 1714 hominem
1384 1657 1545 1730 quod
1586 1654 1782 1731 ipsum
1825 1657 2108 1715 Furseum
2148 1655 2229 1714 ui-

238 1748 388 1807 derit
431 1749 493 1806 in
537 1749 841 1825 prouincia
882 1749 1272 1812 Orientalium
1312 1753 1640 1827 Anglorum
1684 1751 1929 1827 illasque
1971 1751 2229 1811 uisiones

237 1865 312 1906 ex
349 1845 530 1922 ipsius
570 1865 668 1906 ore
707 1846 956 1907 audierit
976 1868 993 1922 ;
1047 1846 1311 1907 adiciens
1354 1848 1493 1924 quia
1536 1858 1768 1924 tempus
1812 1847 2023 1909 hiemis
2058 1849 2228 1909 fuerit

238 1944 586 2002 acerrimum
616 1955 674 2003 et
703 1944 887 2021 glacie
927 1944 1325 2017 constrictum,
1366 1964 1504 2002 cum
1542 1947 1755 2004 sedens
1782 1945 1844 2004 in
1870 1945 2035 2004 tenui
2062 1956 2228 2004 ueste

239 2040 329 2098 uir
382 2039 464 2099 ita
517 2040 670 2099 inter
722 2040 1041 2099 dicendum
1095 2053 1335 2116 propter
1393 2041 1858 2117 magnitudinem
1919 2041 2227 2101 memorati

239 2133 462 2193 timoris
515 2136 612 2193 uel
669 2134 968 2193 suauitatis
1024 2135 1192 2210 quasi
1246 2134 1309 2193 in
1364 2136 1594 2194 mediae
1654 2136 1892 2195 aestatis
1958 2146 2226 2194 caumate

243 2230 554 2290 sudauerit.

363 2328 517 2386 Cum
573 2346 727 2402 ergo,
772 2337 838 2387 ut
878 2328 954 2387 ad
997 2329 1295 2404 superiora
1334 2328 1660 2400 redeamuS,
1717 2329 1914 2388 multis
1953 2328 2122 2388 annis
2161 2328 2221 2388 in

239 2422 462 2480 Scottia
504 2425 751 2482 uerbum
793 2423 890 2482 dei
932 2425 1206 2484 omnibus
1254 2424 1609 2484 adnuntians
1665 2426 1947 2483 tumultus
2000 2424 2225 2483 inruen-

239 2515 384 2574 tium
426 2519 722 2576 turbarum
763 2537 885 2576 non
925 2518 1094 2577 facile
1135 2520 1322 2591 ferret,
1366 2517 1582 2577 relictis
1623 2518 1897 2577 omnibus
1935 2538 2087 2595 quae
2125 2518 2225 2575 ha-

239 2613 378 2671 bere
423 2613 750 2685 uidebatur,
796 2614 873 2672 ab
921 2611 1049 2688 ipsa
1093 2632 1330 2688 quoque
1385 2612 1576 2671 insula
1622 2611 1811 2688 patria
1853 2613 2119 2674 discessit
2168 2628 2227 2676 et

238 2709 441 2785 paucis
471 2730 605 2769 cum
639 2712 908 2770 fratribus
942 2730 1047 2786 per
1081 2713 1390 2769 Brettones
1418 2711 1481 2768 in
1507 2710 1873 2786 prouinciam
1902 2713 2226 2788 Anglorum

241 2803 482 2863 deuenit
502 2804 709 2880 'ibique
737 2806 1082 2880 praedicans
1116 2807 1383 2874 uerbum,
1414 2817 1479 2864 ut
1509 2805 1777 2876 diximuS,
1807 2806 2227 2866 monasterium

241 2899 440 2958 nobile
469 2901 805 2959 construxit.
879 2900 1092 2976 quibus
1121 2900 1228 2960 rite
1254 2901 1449 2977 gesti5‚
1480 2901 1724 2977 cupiens
1754 2921 1815 2960 se
1846 2904 1920 2961 ab
1951 2904 2227 2962 omnibus

241 2996 459 3055 saeculi
494 2997 666 3056 huius
705 3009 762 3057 et
799 2998 978 3073 ipsius
1023 3018 1260 3073 quoque
1304 2998 1643 3058 monasterii
1686 2998 1937 3074 negotiis
1973 2999 2226 3060 alienare

236 3090 469 3166 reliquit
507 3091 846 3150 monasterii
875 3105 933 3152 et
960 3093 1285 3151 animarum
1324 3113 1526 3153 curam
1563 3094 1722 3153 fratri
1750 3114 1857 3153 suo
1887 3096 2137 3155 Fullano
2167 3106 2227 3155 et

2259 1284 2327 1323 10

2260 1770 2325 1828 Ῑ5

2250 2249 2324 2287 20

2259 2726 2325 2783 25

237 3188 586 3263 presbyteris
615 3189 907 3248 Gobbano
947 3203 1006 3248 et
1045 3191 1300 3262 Dicu110,
1338 3201 1395 3249 et
1428 3191 1554 3266 ipse
1590 3192 1668 3249 ab
1707 3190 1984 3250 omnibus
2020 3193 2226 3251 mundi
2253 3203 2328 3262 30

237 3284 413 3341 rebus
457 3281 606 3341 liber
640 3281 702 3339 in
738 3284 1147 3343 anachoretica
1190 3285 1638 3345 conuersatione
1675 3285 1858 3344 uitam
1903 3285 2069 3345 finire
2115 3285 2229 3346 dis-

366 3410 387 3443 ²
418 3411 655 3476 acczspisses
677 3426 764 3460 ms,
986 3410 1030 3443 ¹2
1060 3414 1248 3476 quidem
1272 3431 1362 3465 ms,
1584 3411 1626 3447 ¹⁷
1657 3416 1975 3464 accerrimum
1997 3429 2087 3465 ms·

955 3558 965 3567 υ
1005 3492 1049 3525 ³²
1079 3496 1332 3544 anchorita
1357 3512 1447 3546 ms.
1469 3551 1476 3558 ¹
1653 3503 1656 3506 ’
2093 3483 2098 3486 ⁸
