2567 3750
350 35 483 116 (24)
502 67 548 90 =
569 62 597 99 2
609 42 667 125 2]
689 61 880 110 HJLD
902 51 1208 113 ASSJGNS
1226 50 1608 114 SUBJECTS
1624 50 1767 99 FOR
1787 52 1918 119 Ass
1935 53 2196 104 POEMS.
2231 56 2342 113 143

352 207 548 264 neque
594 188 753 249 enim
802 199 1050 265 possunt
1096 183 1373 258 carmina,
1420 185 1689 261 quamuis
1734 184 1955 262 optime
2000 188 2342 264 composita,

353 303 427 343 ex
470 284 585 344 alia
627 286 691 352 in
738 285 914 345 aliam
961 285 1223 362 linguam
1267 285 1347 343 ad
1389 286 1637 344 uerbum
1681 283 1806 343 sine
1855 284 2208 346 detrimento
2255 287 2345 347 sui

351 381 580 442 decoris
612 402 696 443 ,ac
729 382 1028 460 dignitatis
1076 379 1383 442 transferri.
1469 400 1783 457 exsurgens
1826 392 2021 441 autem
2058 403 2095 441 a
2135 402 2346 443 somno

354 489 568 537 cuncta
604 497 758 554 quae
796 478 1095 557 dormiens
1129 487 1468 536 cantauerat
1509 476 1846 536 memoriter
1880 477 2135 550 retinuit,
2165 489 2225 539 et
2263 477 2347 539 eis

291 590 322 649 5
358 594 496 634 mox
540 577 710 651 plura
757 575 819 634 in
865 575 1132 634 eundem·
1168 574 1417 634 modum
1460 576 1643 634 uerba
1698 575 1814 633 deo
1858 573 2021 650 digni
2074 576 2348 655 carminis

357 670 642 729 adiunxit.
1241 716 1300 753 fx

477 763 858 840 Veniensque
886 781 1065 824 mane
1092 763 1171 822 ad
1197 758 1437 822 uilicum
1468 761 1569 839 qui
1597 749 1710 822 sibi
1736 774 2014 839 praeerat,
2036 765 2183 841 quid
2204 764 2346 826 doni

356 860 715 937 percepisset
742 859 1044 932 indicauit,
1072 870 1252 934 atque
1293 859 1371 917 ad
1405 860 1766 919 abbatissam
1801 863 2124 937 perductus
2157 862 2348 922 iussus

360 969 448 1018 est
482 957 683 1017 multis
723 957 1088 1017 doctioribus
1128 954 1268 1014 uiris
1309 955 1717 1031 praesentibus
1754 955 2015 1017 indicare
2052 958 2348 1018 somnium

261 1072 332 1110 10
361 1065 420 1114 et
467 1053 663 1112 dicere
711 1071 966 1118 carmen,
1006 1061 1073 1110 ut
1119 1049 1528 1110 uniuersorum
1575 1050 1812 1124 iudicio,
1861 1053 2007 1128 quid
2049 1056 2146 1114 uel
2189 1056 2349 1115 unde

361 1158 515 1209 esset
568 1149 735 1224 quod
788 1148 1089 1218 referebat,
1138 1146 1495 1222 probaretur.
1582 1145 1896 1222 uisumque
1940 1160 2030 1209 est
2073 1149 2348 1210 omnibus

361 1245 676 1305 caelestem
705 1242 759 1302 ei
786 1262 824 1302 a
850 1241 1095 1302 domino
1124 1259 1471 1300 concessam
1492 1259 1619 1301 esse
1635 1242 1910 1317 gratiam3
1953 1243 2350 1319 exponebant-

364 1358 480 1415 que
505 1338 590 1397 illi
619 1339 920 1414 quendam
949 1356 1147 1396 sacrae
1174 1335 1456 1395 historiae
1488 1336 1615 1395 siue
1654 1336 1955 1396 doctrinae
1994 1358 2345 1411 sermonem,

361 1434 787 1511 praecipientes
816 1453 971 1507 eum,
995 1432 1045 1492 si
1072 1444 1290 1509 posset,
1311 1433 1469 1492 hunc
1493 1432 1559 1492 in
1585 1435 2051 1505 modulationem
2078 1437 2350 1497 carminis

269 1551 333 1609 15
362 1533 689 1591 transferre.
773 1542 834 1590 at
871 1531 968 1590 ille
1012 1539 1291 1605 suscepto
1333 1531 1575 1605 negotio
1616 1531 1775 1601 abiit,
1817 1542 1876 1591 et
1908 1552 2085 1593 mane
2117 1535 2349 1595 rediens

363 1628 588 1704 optimo
617 1626 877 1686 carmine
905 1626 1070 1702 quod
1097 1624 1407 1685 iubebatur
1433 1627 1826 1703 compositum
1853 1629 2125 1690 reddidit.
2190 1633 2351 1691 unde

336 1751 341 1755 ·
364 1742 503 1782 mox
529 1721 826 1782 abbatissa
851 1722 1185 1797 amplexata
1212 1732 1302 1781 est
1327 1723 1574 1798 gratiam
1602 1723 1698 1783 dei
1726 1723 1788 1783 in
1810 1725 1937 1784 uiro
1948 1747 1965 1798 ς
1994 1728 2352 1786 saecularem

363 1818 528 1877 illum
555 1816 823 1877 habitum
850 1816 1182 1892 relinquere
1211 1827 1271 1877 et
1300 1818 1715 1878 monachicum
1758 1820 2051 1897 suscipere
2090 1820 2351 1898 proposi-

364 1928 490 1976 tum
538 1915 760 1985 docuit,
807 1924 1263 1990 susceptumque
1308 1914 1370 1973 in
1420 1916 1844 1976 monasterium
1893 1936 2030 1977 cum
2076 1918 2350 1999 omnibus

269 2032 339 2069 20
366 2013 483 2071 suis
511 2013 753 2071 fratrum
781 2009 1010 2069 cohorti
1039 2010 1368 2070 adsociauit
1396 2010 1683 2087 iussitque
1721 2012 1887 2071 illum
1916 2012 2123 2073 seriem
2152 2033 2350 2073 sacrae

364 2108 639 2168 historiae
694 2106 910 2167 doceri.
995 2117 1056 2166 at
1109 2107 1236 2182 ipse
1291 2119 1508 2167 cuncta
1561 2129 1713 2185 quae
1768 2110 2066 2170 audiendo
2122 2111 2346 2173 discere

364 2214 596 2279 poterat
620 2202 1074 2261 rememorando
1103 2221 1305 2261 secum
1333 2213 1404 2264 et·
1423 2203 1591 2279 quasi
1619 2206 1907 2263 mundum
1936 2204 2155 2265 animal
2182 2208 2353 2267 rumi-

366 2302 568 2361 nando
594 2300 658 2359 in
686 2319 925 2359 carmen
955 2299 1360 2359 dulcissimum
1387 2302 1789 2373 conuertebat‚
1821 2302 2173 2379 suauiusque
2200 2323 2354 2365 reso-

366 2399 568 2458 nando
597 2399 872 2457 doctores
902 2414 1038 2455 suos
1066 2394 1326 2455 uicissim
1343 2396 1642 2456 auditores
1659 2397 1748 2456 sui
1769 2397 2035 2458 faciebat.
2101 2401 2353 2460 canebat

267 2516 337 2575 25
369 2504 566 2553 autem
593 2494 670 2552 de
698 2492 996 2551 creatione
1024 2490 1232 2550 mundi
1260 2503 1322 2551 et
1350 2491 1572 2568 origine
1599 2491 1842 2551 humani
1868 2492 2096 2569 generis
2134 2504 2194 2554 et
2226 2505 2354 2556 tota
2441 2528 2448 2533 ·

368 2591 598 2668 genesis
627 2589 886 2662 historia,
918 2590 995 2648 de
1025 2607 1261 2665 egressu
1291 2590 1474 2648 Israel
1503 2609 1576 2648 ex
1604 2591 1877 2665 Aegypto
1907 2600 1966 2649 et
1991 2589 2253 2667 ingressu
2289 2592 2352 2652 in

369 2702 581 2749 terram
636 2686 1144 2763 repromissioniS,.
1172 2686 1248 2746 de
1297 2686 1425 2746 aliis
1471 2683 1737 2763 plurimis
1787 2706 1983 2748 sacrae
2039 2689 2352 2766 scripturae

369 2786 642 2859 historiiS,
673 2788 749 2845 de
776 2783 1179 2843 incarnatione
1208 2782 1511 2842 dominica
1537 2784 1811 2859 passione
1838 2784 2258 2846 resurrectione
2294 2798 2355 2847 et

373 2881 718 2941 ascensione
746 2880 809 2938 in
837 2880 1079 2951 caelum,
1111 2879 1187 2938 de
1205 2872 1449 2954 ¹spiritus
1478 2877 1665 2938 sancti
1692 2878 1953 2943 aduentu
1982 2891 2041 2939 et
2062 2885 2355 2957 apostolo-

188 3025 193 3028 .
272 2998 348 3053 30
374 2998 503 3037 rum
558 2974 841 3037 doctrina.
925 2972 1070 3033 item
1125 2974 1203 3032 de
1256 2982 1475 3032 terrore
1530 2973 1707 3032 futuri
1755 2973 1959 3032 iudicii
2010 2984 2069 3034 et
2116 2976 2354 3038 horrore

374 3091 605 3149 poenae
651 3068 993 3147 gehennalis
1039 3088 1110 3127 ac
1154 3068 1472 3128 dulcedine
1512 3068 1675 3144 regni
1710 3067 1980 3127 caelestis
2018 3071 2202 3130 multa
2238 3091 2355 3131 car·

378 3168 539 3227 mina
573 3166 842 3238 faciebat,
880 3166 986 3225 sed
1024 3176 1083 3225 et
1120 3164 1234 3223 alia
1268 3165 1540 3240 perplura
1578 3166 1654 3223 de
1692 3163 1994 3224 beneficiis
2036 3176 2095 3226 et
2128 3164 2356 3227 iudiciis

1189 3322 1192 3324 Α
1211 3275 1253 3309 2⁰
1286 3278 1407 3326 iusit
1435 3294 1526 3326 ms.
