2567 3750
340 270 443 354 ⁸19]
961 270 1213 321 VJSJON
1254 271 1352 321 oF
1383 271 1437 319 F
1436 272 1618 321 URSE
1626 273 1724 322 US.
2243 273 2274 335 5
2283 272 2318 334 5

332 426 460 468 esse
507 422 682 480 rogus
735 400 982 473 uidetur,
1029 411 1227 459 tamen
1284 399 1448 459 iuxta
1499 400 1706 460 merita
1760 420 2006 477 operum
2062 402 2321 479 singulos

331 501 642 571 examinat,
673 498 812 575 quia
849 496 1308 572 uniuscuiusque
1326 495 1634 571 ‘cupiditas
1674 496 1733 554 in
1766 498 1881 555 hoc
1917 497 2038 573 igni
2074 498 2316 558 ardebit.
2405 521 2412 529 ·

331 597 483 657 sicut
524 595 682 656 enim
723 592 853 670 quis
889 593 1055 651 ardet
1088 590 1150 649 in
1188 610 1432 666 corpore
1469 610 1573 667 per
1614 589 1895 650 inlicitam
1937 593 2319 668 uoluptatem,

330 691 413 751 ita
440 692 663 752 solutus
690 707 934 767 corpore
961 688 1191 747 ardebit
1217 706 1324 763 per
1350 687 1612 747 debitam
1639 689 1930 763 poenam.’
1999 699 2141 747 tunc
2169 689 2319 751 uidit

270 811 303 870 5
332 807 515 847 unum
542 788 618 847 de
647 786 827 846 tribus
854 783 1076 861 angelis
1105 782 1206 861 qui
1235 782 1347 842 sibi
1388 782 1448 841 in
1483 794 1608 842 tota
1642 795 1887 860 utraque
1924 783 2151 846 uisione
2181 786 2321 846 duc-

328 892 483 942 tores
509 882 818 942 adfuerunt
844 879 1298 956 praecedentem
1317 877 1480 953 ignes
1497 879 1765 938 flammae
1785 879 2064 953 diuidere,
2084 891 2144 940 et
2168 882 2319 942 duos

330 980 407 1039 ab
442 990 693 1059 utroque
727 979 904 1036 latere
944 975 1435 1036 circumuolantes
1468 977 1544 1034 ab
1582 974 1804 1052 ignium
1832 995 1895 1035 se
1924 978 2185 1053 periculo
2224 978 2324 1038 de—

330 1075 586 1133 fendere.
637 1071 786 1132 uidit
811 1083 1008 1132 autem
1039 1055 1100 1131 et
1127 1071 1449 1130 daemones
1476 1091 1580 1147 per
1607 1071 1801 1147 ignem
1830 1074 2097 1133 uolantes
2123 1073 2321 1134 incen-

329 1166 429 1228 dia
447 1168 738 1227 bellorum
759 1177 964 1227 contra
984 1166 1167 1226 iustos
1190 1178 1423 1227 struere.
1486 1180 1807 1242 sequuntur
1826 1168 2105 1227 aduersus
2126 1168 2319 1245 ipsum

240 1287 306 1325 10
331 1261 734 1322 accusationes
795 1261 1180 1339 malignorum
1236 1260 1609 1321 defensiones
1665 1262 1969 1338 spirituum
2026 1264 2329 1324 bonorum.

333 1360 628 1437 copiosior
665 1359 1002 1420 caelestium
1029 1359 1329 1436 agminum
1366 1358 1534 1429 uisi0,
1575 1360 1679 1418 sed
1719 1370 1778 1418 et
1815 1359 2072 1418 uirorum
2105 1360 2180 1419 de
2215 1379 2319 1419 sua

330 1454 569 1515 natione
598 1464 948 1527 sanctorum,
979 1474 1129 1530 quos
1157 1455 1299 1515 olim
1336 1453 1643 1513 sacerdotii
1680 1455 1860 1529 gradu
1897 1473 2022 1513 non
2055 1453 2321 1530 ignobili·

330 1561 417 1611 ter
457 1552 678 1630 potitos
722 1554 877 1611 sama
925 1551 1042 1611 iarn
1084 1554 1363 1629 uulgante
1408 1562 1772 1627 compererat
1790 1572 1807 1625 3
1856 1571 1891 1610 a
1937 1551 2152 1627 quibus
2196 1571 2319 1611 non

328 1666 518 1722 pauca
548 1665 701 1722 quae
728 1648 825 1706 uel
851 1645 965 1723 ipsi
991 1647 1088 1706 uel
1115 1645 1389 1707 omnibus
1428 1644 1532 1721 qui
1566 1646 1769 1705 audire
1808 1648 2029 1705 uellent
2064 1648 2318 1715 multum

238 1760 299 1818 15
329 1742 581 1803 salubria
628 1754 824 1804 essent
869 1742 1108 1803 audiuit.
1176 1743 1297 1820 ¹qui
1343 1762 1480 1801 cum
1534 1744 1714 1801 uerba
1762 1742 2027 1804 finissent
2074 1753 2133 1803 et
2182 1763 2318 1803 cum

327 1839 604 1918 angelicis
645 1839 940 1918 spiritibus
983 1840 1094 1918 ipsi
1133 1858 1374 1919 quoque
1417 1840 1495 1899 ad
1539 1840 1733 1899 caelos
1777 1840 2049 1913 redirent,
2092 1859 2322 1902 reman-

318 1948 525 1998 serunt
549 1958 686 1998 cum
714 1940 890 1999 beato
927 1940 1147 1997 Furseo
1175 1949 1291 1997 tres
1328 1938 1521 2014 angeli
1558 1938 1634 1997 de
1673 1935 1884 2012 quibus
1914 1936 2183 2010 diximuS,
2214 1939 2318 2015 qui

326 2052 461 2094 eum
504 2036 584 2096 ad
626 2054 840 2111 corpus
887 2036 1177 2094 referrent.
1277 2054 1531 2111 cumque
1578 2036 1840 2112 praefato
1890 2034 2011 2110 igni
2058 2035 2316 2096 maximo

324 2129 754 2207 adpropiarent,
786 2129 984 2189 diuisit
1011 2129 1253 2206 quidem
1292 2132 1533 2206 angelus
1568 2129 1719 2189 sicut
1745 2130 1901 2206 prius
1930 2130 2127 2206 ignem
2154 2131 2316 2189 flam-

233 2240 301 2279 20
324 2246 470 2289 mae.
557 2228 663 2287 sed
706 2228 795 2286 uir
831 2227 929 2287 dei
963 2226 1067 2286 ubi
1107 2228 1184 2287 ad
1230 2229 1585 2303 patefactam
1626 2246 1815 2302 usque
1855 2225 2008 2286 inter
2047 2228 2312 2286 flammas

323 2321 559 2383 ianuam
598 2322 881 2400 peruenit,
916 2322 1265 2399 ¹arripientes
1305 2322 1577 2382 inmundi
1619 2323 1850 2399 spiritus
1888 2343 2070 2382 unum
2114 2324 2191 2385 de
2228 2323 2312 2383 eis

323 2437 471 2493 quos
499 2418 561 2477 in
589 2417 820 2494 ignibus
849 2419 1147 2479 torrebant
1174 2416 1541 2477 iactauerunt
1569 2418 1631 2476 in
1660 2437 1795 2477 eum
1824 2415 1883 2476 e't
1905 2416 2312 2493 contingentes

323 2512 631 2572 humerum
658 2513 1075 2588 maxillamque
1102 2512 1224 2572 eius
1252 2513 1654 2587 incenderunt,
1695 2512 2091 2589 cognouitque
2128 2510 2315 2571 homi·-

321 2624 458 2664 nem
489 2617 562 2680 et,
595 2605 734 2682 quia
770 2605 1188 2667 uestimentum
1231 2605 1356 2666 eius
1396 2606 1695 2666 morientis
1735 2605 2040 2683 acceperit,
2082 2606 2161 2665 ad
2199 2621 2317 2664 me·

230 2716 258 2755 2
264 2716 294 2774 5
325 2702 570 2762 moriam
612 2701 856 2761 reduxit.
942 2721 1120 2777 quem
1162 2704 1407 2778 angelus
1455 2715 1691 2762 sanctus
1746 2702 1941 2762 statim
1994 2702 2317 2778 adprehen-

324 2796 469 2855 dens
496 2794 558 2855 in
588 2794 785 2872 ignem
822 2794 1041 2856 reiecit.
1124 2796 1477 2874 dicebatque
1510 2798 1694 2876 hostis
1732 2798 2055 2873 malignus:
2099 2801 2116 2830 ‘
2133 2796 2315 2857 nolite

321 2895 599 2969 repellere
627 2912 806 2970 quem
833 2904 972 2953 ante
999 2893 1369 2969 suscepistis:
1411 2915 1550 2954 narn
1586 2895 1734 2955 sicut
1769 2896 1930 2954 bona
1957 2895 2081 2953 eius
2108 2911 2316 2969 pecca-

321 2989 461 3049 toris
489 2988 844 3065 suscepistis,
871 2989 954 3048 ita
980 2999 1040 3048 et
1068 2990 1144 3049 de
1160 2989 1369 3066 poenis
1399 2991 1522 3051 eius
1551 2990 1863 3067 participes
1894 3009 2022 3049 esse
2051 2990 2314 3049 debetis.'

320 3084 727 3145 contradicens
786 3087 1028 3162 angelus
1083 3090 1097 3117 ‘
1115 3106 1239 3146 non
1257 3088 1270 3114 ’
1313 3085 1505 3162 inquit
1548 3090 1817 3161 ‘propter
1863 3084 2164 3144 auaritiam
2208 3084 2314 3143 sed

223 3201 296 3258 30
318 3192 557 3259 propter
581 3184 926 3243 saluandam
954 3183 1079 3243 eius
1106 3183 1364 3243 animam
1393 3183 1704 3258 suscepit:’
1747 3181 2113 3257 cessauitque
2143 3180 2309 3256 ignis.

320 3289 379 3338 et
405 3297 723 3340 conuersus
758 3281 836 3339 ad
875 3300 1011 3339 eum
1051 3281 1294 3355 angelus
1339 3280 1535 3354 ‘quod
1571 3277 1916 3338 incendisti’
1944 3276 2133 3352 inquit
2164 3278 2312 3337 ‘hoc

318 3370 456 3432 arsit
487 3373 551 3432 in
584 3383 657 3434 te.
744 3373 793 3433 si
831 3373 990 3434 enirn
1030 3376 1203 3435 huius
1244 3372 1354 3433 uiri
1395 3373 1457 3432 in
1498 3372 1754 3449 peccatis
1796 3371 1914 3431 suis
1956 3369 2173 3430 mortui
2211 3388 2311 3448 pe·

449 3482 474 3518 ⁸
506 3487 803 3537 uoluntatem
825 3502 917 3540 ms.
1108 3543 1113 3548 ,
1202 3486 1244 3519 ²²
1277 3487 1413 3536 natio
1434 3501 1526 3536 ms·
1790 3463 1839 3516 '¹⁸
1869 3482 2065 3534 debeat&
2085 3495 2177 3532 ms·
