2567 3750
214 202 293 273 '54
632 268 639 273 ,
839 208 1096 258 VJSJON
1134 208 1230 257 OF
1263 207 1505 256 FURSE
1514 206 1611 255 css,
2075 187 2204 270 [ΙΙΙ

213 351 279 402 et
317 338 414 401 die
461 337 630 399 tertia
671 357 898 397 rursum
943 334 1194 398 eductus
1230 337 1382 399 uidit
1419 359 1543 398 non
1584 340 1774 401 solum
1816 338 2040 399 maiora
2074 341 2210 399 bea-

213 446 406 495 torum
447 432 679 510 gaudia,
726 435 834 494 sed
877 444 937 493 et
980 433 1236 493 maxima
1289 435 1678 510 malignorum
1734 434 2043 512 spirituum
2092 453 2211 493 cer-

213 530 454 605 tamina,
498 529 606 607 qui
641 530 861 590 crebris
901 529 1375 591 accusationibus
1420 530 1652 608 inprobi
1691 531 1801 592 iter
1835 531 1920 591 illi
1955 531 2210 593 caeleste

213 628 610 689 intercludere*
646 628 1106 701 contendebant,
1165 646 1281 687 nec
1332 638 1532 687 tamen
1585 628 2028 706 protegentibus
2074 649 2209 689 eum

216 722 436 800 angelis
465 721 784 799 quicquam
819 721 1229 800 proficiebant.v
1307 722 1383 781 de
1421 722 1637 798 quibus
1678 722 1955 783 omnibus
1991 723 2040 781 si
2080 721 2211 799 quis
2252 722 2256 727 ’

147 824 153 830 ”
217 819 448 897 plenius
482 819 630 880 scire
657 819 945 893 uu1t‚——id
974 829 1062 880 est
1102 829 1323 895 quanta
1357 819 1574 878 fraudis
1608 818 1863 879 sollertia
1889 821 2212 880 daemones

220 929 278 978 et
315 931 481 977 actus
519 916 643 977 eius
677 927 738 977 et
774 917 955 977 uerba
991 917 1283 993 superflua
1316 925 1374 975 et
1412 916 1568 992 ipsas
1608 915 1785 976 etiam
1825 914 2212 993 cogitationes

221 1013 388 1089 quasi
449 1012 513 1072 in
567 1012 720 1072 libro
774 1011 1097 1089 descriptas
1153 1009 1584 1088 replicauerint,
1641 1031 1795 1088 quae
1856 1013 1934 1072 ab
1991 1013 2213 1089 angelis

222 1107 456 1181 sanctis,
496 1128 650 1184 quae
689 1127 729 1166 a
769 1106 908 1166 uiris
952 1107 1118 1168 iustis
1161 1107 1272 1168 sibi
1320 1107 1472 1166 inter
1513 1110 1755 1185 angelos
1798 1107 2215 1184 apparentibus

221 1209 377 1267 laeta
400 1209 496 1267 uel
520 1206 704 1266 tristia
725 1205 1328 1281 cognouerit‚—legat
1355 1203 1550 1280 ipsum
1572 1205 1647 1264 de
1670 1224 1791 1280 quo
1811 1203 1933 1264 dixi
1952 1204 2215 1265 libellum

223 1304 381 1364 uitae
430 1303 577 1376 eiuS,
625 1314 686 1364 et
742 1302 994 1362 multum
1039 1321 1112 1362 ex
1158 1300 1261 1362 illo
1315 1313 1383 1362 ut
1428 1321 1560 1361 reor
1604 1303 1904 1378 profectus
1948 1301 2219 1379 spiritalis

225 1398 495 1475 accipiet.

299 1521 305 1527 -
345 1497 422 1553 In
461 1494 676 1570 quibus
712 1504 914 1554 tamen
952 1512 1136 1552 unum
1176 1503 1264 1553 est
1302 1494 1467 1569 quod
1496 1504 1556 1554 et
1587 1513 1699 1554 nos
1734 1493 1796 1553 in
1832 1494 1947 1552 hac
1979 1491 2221 1553 historia

223 1610 446 1667 ponere
487 1592 685 1651 multis
738 1592 1125 1653 commodum
1179 1590 1469 1650 duximus.
1556 1611 1695 1650 cum
1740 1610 1879 1666 ergo
1926 1589 1987 1649 in
2035 1592 2219 1649 altum

227 1694 382 1743 esset
420 1685 622 1757 elatuS,
663 1684 856 1744 iussus
894 1696 984 1745 est
1019 1686 1096 1745 ab
1131 1684 1355 1761 angelis
1394 1686 1496 1761 qui
1534 1705 1668 1745 eum
1711 1687 2011 1746 ducebant
2046 1684 2220 1762 respi-

227 1799 357 1839 cere
386 1778 449 1839 in
476 1781 783 1840 mundum.
864 1793 926 1841 at
962 1780 1059 1840 ille
1099 1783 1304 1841 oculos
1332 1780 1395 1838 in
1423 1781 1694 1841 inferiora
1726 1782 2047 1841 deflectens
2074 1779 2223 1839 uidit

227 1873 397 1953 quasi
421 1878 638 1937 uallem
667 1880 1041 1938 tenebrosam
1070 1881 1278 1938 subtus
1306 1898 1371 1939 se
1398 1878 1462 1938 in
1488 1878 1611 1939 imo
1638 1879 1906 1956 positam.
1984 1878 2137 1938 uidit
2163 1887 2223 1937 et

227 1984 502 2049 quattuor
522 1973 686 2050 ignes
714 1974 776 2054 in
802 1994 935 2035 aere
962 1994 1087 2035 non
1114 1977 1300 2035 multo
1328 1976 1405 2034 ab
1427 1975 1682 2035 inuicem
1705 1976 1897 2051 spatio
1918 1974 2217 2034 distantes,

228 2082 288 2129 et
324 2069 685 2148 interrogans
725 2072 968 2147 angelos
1007 2072 1107 2148 qui
1146 2082 1343 2132 essent
1380 2071 1441 2131 hi
1481 2070 1647 2147 ignes
1686 2070 1912 2130 audiuit
1946 2072 2056 2131 hos
2094 2089 2222 2131 esse

228 2167 394 2243 ignes
430 2166 532 2242 qui
569 2168 856 2227 mundum
892 2169 1326 2229 succendentes
1358 2180 1554 2228 essent
1590 2168 1968 2228 consumturi.
2036 2187 2221 2227 unum

229 2260 541 2342 mendacii,
599 2280 736 2320 cum
792 2263 909 2322 hoc
963 2265 1129 2339 quod
1182 2263 1244 2323 in
1301 2263 1600 2340 baptismo
1653 2263 2062 2324 abrenuntiare
2114 2283 2226 2323 nos

230 2361 482 2418 Satanae
522 2369 582 2419 et
623 2359 899 2421 omnibus
940 2361 1214 2437 operibus
1256 2360 1381 2421 eius
1420 2360 1798 2438 promisimus
1839 2359 2082 2421 minime
2121 2359 2226 2419 im-

230 2459 496 2533 plemus:
563 2458 810 2518 alterum
878 2459 1231 2536 cupiditatiS,
1291 2479 1427 2518 cum
1481 2459 1691 2520 mundi
1752 2456 1986 2518 diuitias
2038 2456 2224 2517 amori

230 2554 572 2617 caelestium
608 2557 1065 2634 praeponimus:
1103 2557 1340 2618 tertium
1376 2556 1779 2631 dissensioniS,
1819 2576 1953 2616 cum
1994 2555 2224 2616 animos

230 2654 631 2730 proximorum
667 2655 847 2714 etiam
884 2654 945 2715 in
983 2655 1361 2733 superuacuis
1396 2658 1571 2716 rebus
1610 2655 1908 2715 offendere
1950 2671 2075 2713 non
2111 2653 2224 2711 for·

232 2751 559 2813 midamus:
616 2763 886 2829 quartum
926 2752 1261 2829 impietatiS‚
1306 2772 1445 2813 cum
1486 2751 1833 2811 infirmiores
1874 2749 2125 2826 spoliare
2166 2760 2225 2809 et

233 2847 316 2908 eis
361 2849 625 2909 fraudem
679 2851 870 2909 facere
924 2868 1033 2926 pro
1086 2847 1273 2909 nihilo
1329 2848 1595 2909 dicimus.
1696 2856 2029 2907 crescentes
2081 2864 2227 2906 uero

231 2943 514 3017 paulatim
542 2944 708 3021 ignes
739 2964 926 3021 usque
963 2946 1042 3004 ad
1078 2944 1337 3004 inuicem
1374 2963 1502 3004 sese
1539 2943 1931 3003 extenderunt
1957 2950 2137 3017 atque
2163 2939 2228 3000 in

231 3037 562 3096 inmensam
603 3039 846 3099 adunati
889 3050 1026 3100 sunt
1067 3040 1384 3100 flammam.
1469 3057 1725 3115 cumque
1768 3035 2230 3114 adpropinquas-

235 3144 381 3204 sent,
429 3134 848 3210 pertimescens
891 3137 989 3198 ille
1034 3138 1176 3197 dicit
1219 3140 1468 3215 angelo:
1539 3143 1555 3171 ‘
1573 3136 1832 3208 domine,
1882 3153 2024 3194 ecce
2076 3132 2228 3211 ignis

233 3226 382 3287 mihi
449 3230 920 3307 adpropinquat!
1021 3244 1082 3293 at
1136 3234 1236 3293 ille
1299 3234 1496 3310 ‘quod
1552 3252 1677 3293 non
1734 3228 2051 3291 incendisti
2067 3233 2082 3259 '
2144 3231 2230 3290 in-

238 3325 365 3401 quit
400 3328 417 3357 ‘
434 3343 557 3383 non
583 3315 812 3386 ardebit
848 3327 909 3387 in
945 3339 1041 3401 te3
1089 3349 1230 3388 nam
1275 3331 1385 3389 etsi
1422 3328 1692 3389 terribilis
1735 3327 1846 3387 iste
1883 3346 1956 3385 ac
1990 3326 2228 3403 grandis

270 3436 292 3470 ⁸
311 3438 359 3486 si
373 3436 462 3500 qui
476 3451 571 3486 ms.
649 3434 671 3468 Β
692 3439 1048 3501 νφῖτὶαηεηιητ
1067 3456 1156 3492 ms,
1249 3440 1297 3474 ²⁴
1315 3442 1616 3492 dissmtzbmtv
1637 3457 1731 3491 ms.
1811 3440 1855 3474 ’Β
1874 3446 2081 3507 quartus
2100 3455 2196 3491 ms.

2249 1225 2320 1264 10

2253 2188 2328 2226 20

2255 3145 2333 3213 3²0
