2567 3750
318 214 417 304 20]
508 266 512 273 -
792 238 975 291 DIES
1010 241 1111 290 m
1145 238 1237 292 GA
1249 238 1359 292 UL.
1422 240 1614 291 MIRA
1625 242 1816 293 CLES.
2223 236 2299 305 57

318 371 526 446 posuit.
610 366 821 431 habuit
861 373 1107 431 alterum
1148 373 1381 431 fratrem
1418 372 1712 433 uocabulo
1738 373 2040 447 Vltanum‚
2082 372 2183 449 qui
2225 376 2301 434 de

321 465 660 525 monasterii
703 467 1053 543 probatione
1102 466 1376 526 diuturna
1412 469 1490 527 ad
1528 467 1929 527 heremiticam
1956 481 2302 545 peruenerat

317 561 515 622 uitam.
601 563 762 621 hunc
805 582 943 639 ergo
988 564 1145 623 solus
1189 575 1400 639 petens
1444 573 1667 623 annum
1710 574 1901 623 totum
1944 583 2081 623 cum
2117 553 2199 624 'eo
2239 564 2302 623 in

321 659 685 720 continentia
747 671 806 720 et
867 660 1230 720 orationibus
1300 660 1364 720 in
1428 660 1741 721 cotidianis
1811 679 2094 720 manuum
2156 661 2303 721 uixit

261 771 293 831 5
320 755 633 815 laboribus,

441 851 602 912 Dein
636 852 931 912 turbatam
968 849 1301 912 incursione
1343 851 1647 927 gentilium
1683 849 2051 926 prouinciam
2091 849 2304 911 uidens

321 956 380 1006 et
419 948 790 1007 monasteriis
838 966 1073 1023 quoque
1116 947 1439 1024 perieulum
1482 947 1767 1006 inminere
1810 947 2176 1024 praeuidenS,
2223 945 2306 1006 di·

321 1041 513 1103 missis
556 1043 826 1102 ordinate
870 1043 1147 1103 omnibus
1188 1042 1493 1119 nauigauit
1528 1043 1800 1116 Galliam,
1847 1042 2046 1118 ibique
2090 1062 2128 1101 a
2169 1063 2305 1119 rege

323 1139 680 1199 Francorum
710 1137 981 1199 Hloduio
1016 1141 1115 1199 uel
1148 1139 1396 1216 patricio
1435 1139 1811 1198 Ercunualdo
1838 1137 2158 1197 honorifice
2188 1157 2293 1197 sus·

232 1250 299 1291 ιο
323 1245 526 1310 ceptus
553 1234 974 1294 monasterium
1001 1234 1327 1295 construxit
1358 1234 1421 1294 in
1458 1236 1592 1294 loco
1630 1234 1949 1294 Latineaco
1976 1233 2301 1307 nominatO,

322 1348 392 1388 ac
432 1348 557 1388 non
598 1332 788 1389 multo
830 1340 965 1405 post
1006 1330 1343 1390 infirmitate
1385 1342 1685 1406 correptus
1726 1330 1887 1390 diem
1930 1329 2138 1390 clausit
2176 1330 2307 1390 ulti-

322 1443 498 1486 mum.
582 1426 747 1485 cuius
791 1445 1004 1502 corpus
1040 1426 1199 1503 idem
1245 1428 1652 1486 Ercunualdus
1690 1426 1966 1502 patricius
2008 1425 2305 1502 accipiens

322 1522 576 1582 seruauit
603 1523 664 1581 in
691 1523 918 1599 porticu
950 1525 1208 1599 quodam
1246 1522 1529 1582 ecclesiae
1558 1542 1734 1599 quam
1772 1522 1833 1580 in
1868 1522 2009 1581 uilla
2044 1542 2164 1594 sua,
2208 1522 2305 1581 cui

322 1638 540 1680 nomen
570 1630 660 1679 est
681 1623 952 1692 Perrona,
977 1619 1245 1692 faciebat,
1270 1620 1465 1678 donec
1491 1619 1618 1695 ipsa
1644 1617 1893 1678 ecclesia
1920 1617 2302 1679 dedicaretur.

235 1727 295 1785 15
325 1715 483 1791 quod
525 1716 670 1775 dum
706 1726 842 1792 post
877 1715 1002 1775 dies
1039 1714 1198 1773 xxuii
1235 1725 1389 1774 esset
1427 1717 1643 1773 factum
1674 1725 1732 1774 et
1760 1734 1973 1790 corpus
2008 1714 2202 1790 ipsum
2230 1716 2305 1775 de

323 1812 549 1889 porticu
577 1813 839 1871 ablatum
869 1830 1054 1889 prope
1087 1813 1268 1870 altare
1307 1822 1459 1870 esset
1494 1812 1959 1884 recondendum,
1998 1811 2307 1871 inuentum

321 1895 410 1967 'est
436 1907 518 1966 ita
543 1908 812 1981 inlesum,
850 1927 923 1967 ac
957 1906 1008 1966 si
1045 1908 1254 1967 eadem
1290 1908 1436 1966 hora
1471 1908 1546 1966 de
1583 1909 1695 1966 hac
1728 1908 1860 1966 luce
1888 1907 2091 1966 fuisset
2118 1926 2306 1983 egres-

325 2025 436 2063 suS.
520 2006 626 2065 sed
668 2016 728 2065 et
766 2015 905 2082 post
945 2023 1135 2064 annos
1170 2002 1253 2062 iiii
1292 2013 1625 2062 constructa
1660 2004 2021 2063 domuncula
2063 2002 2304 2062 cultiore

322 2101 583 2179 receptui
626 2101 887 2178 corporis
931 2101 1196 2162 eiusdem
1238 2102 1317 2160 ad
1355 2100 1637 2162 orientem
1682 2100 1892 2174 altariS,
1938 2102 2134 2161 adhuc
2178 2100 2303 2161 sine

237 2218 303 2255 20
326 2201 550 2257 macula
591 2196 979 2277 corruptionis
1025 2198 1336 2257 inuentum
1391 2197 1612 2257 ibidem
1662 2197 1841 2274 digno
1897 2218 2033 2258 cum
2079 2199 2301 2259 honore

324 2296 666 2355 translatum
704 2307 791 2354 est
809 2315 827 2368 3
881 2292 982 2352 ubi
1023 2292 1229 2352 merita
1271 2292 1423 2352 illius
1461 2293 1660 2352 multis
1698 2312 1874 2370 saepe
1919 2303 2149 2352 constat
2189 2294 2305 2352 deo

320 2401 603 2466 operante
641 2390 913 2449 claruisse
948 2387 1275 2449 uirtutibus,
1361 2389 1511 2447 haec
1547 2389 1621 2447 de
1655 2387 1915 2464 corporis
1953 2387 2079 2446 eius
2115 2387 2305 2446 incor-

320 2484 590 2563 ruptione
628 2485 885 2546 breuiter
922 2484 1235 2563 attigimuS,
1278 2491 1346 2544 ut
1382 2495 1602 2560 quanta
1643 2495 1794 2544 esset
1833 2484 1940 2543 uiri
1979 2483 2303 2543 sublimitas

320 2580 649 2657 legentibus
701 2579 900 2642 notius
955 2581 1239 2640 existeret.
1341 2598 1494 2654 quae
1548 2589 1762 2637 cuncta
1814 2578 1877 2637 in
1929 2577 2130 2638 libello
2179 2577 2303 2638 eius

232 2704 259 2741 2
266 2702 294 2760 5
323 2679 698 2738 sufficientius
742 2680 849 2739 sed
890 2688 951 2738 et
993 2678 1070 2738 de
1112 2675 1238 2736 aliis
1282 2675 1782 2737 commilitonibus
1824 2674 2005 2752 ipsius
2054 2674 2304 2753 quisque

320 2773 520 2851 legerit
546 2773 824 2835 inueniet.

1245 2992 1367 3051 XX

334 3098 746 3254 INTEREA
789 3127 1069 3223 defuncto
1113 3126 1310 3186 Felice
1356 3125 1742 3187 Orientalium
1785 3119 2109 3203 Anglorum
2157 3125 2306 3205 epis-

440 3244 596 3302 copo
635 3235 772 3301 post
799 3245 837 3283 x
874 3234 934 3283 et
969 3223 1049 3283 uii
1087 3243 1276 3284 annos
1312 3222 1541 3298 accepti
1579 3223 1968 3299 episcopatuS‚
2000 3225 2305 3285 Honorius

229 3344 298 3400 30
321 3319 453 3381 loco
497 3319 624 3381 eius
668 3317 964 3380 ordinauit
1005 3320 1303 3380 Thomam
1351 3318 1669 3377 diaconum
1713 3316 1836 3376 eius
1881 3318 1958 3377 de
2000 3317 2307 3395 prouincia

637 3449 663 3490 7
691 3451 880 3501 dimisis
899 3466 989 3503 ms.
1512 3447 1555 3481 ²³
1585 3450 1870 3513 attingemus
1889 3462 1986 3497 ms.

2309 196 2338 205 «ι,
