2567 3750
316 73 377 158 4]
610 113 615 121 ·
710 89 1092 138 MIRACLES
1128 89 1241 138 AT
1279 88 1646 138 CEADDA’S
1692 90 1743 138 Τ
1739 89 1907 139 ΟΜΒ.
2215 92 2293 148 99
2381 62 2384 69 =

327 218 581 292 sepultus
608 227 698 277 est
723 216 913 294 primo
950 215 1187 292 quidem
1224 215 1387 276 iuxta
1420 216 1728 276 ecclesiam
1765 229 2000 278 sanctae
2036 218 2296 288 Mariae;

325 313 430 371 sed
463 313 844 389 postmodum
876 322 1208 371 constructa
1249 311 1471 371 ibidem
1510 312 1757 372 ecclesia
1798 313 2117 372 beatissimi
2159 333 2297 390 apo-

324 409 607 467 stolorum
633 407 759 484 prin
767 407 911 484 cipis
938 405 1110 480 Petri,
1140 408 1202 465 in
1231 408 1480 466 eandem
1519 419 1653 468 sunt
1690 408 1813 468 eius
1841 427 1973 468 ossa
2004 411 2293 469 translata.

324 503 388 562 in
413 521 532 579 quo
558 512 809 577 utroque
834 504 969 561 loco
995 503 1075 561 ad
1100 497 1383 560 indicium
1419 494 1646 561 uirtutis
1683 502 1838 562 illius
1869 505 2059 563 solent
2094 505 2299 563 crebra

265 619 296 678 5
326 599 641 658 sanitatum
675 598 954 656 miracula
988 596 1227 673 operari.
1313 596 1571 673 denique
1607 617 1794 674 nuper
1828 598 2139 658 freneticus
2176 600 2299 674 qui-

325 698 467 756 dam
502 696 646 754 dum
689 713 793 770 per
834 704 1050 752 cuncta
1089 695 1338 753 errando
1381 694 1739 768 discurreret,
1777 695 2020 755 deuenit
2053 694 2135 754 ibi
2172 714 2298 754 ues-

323 808 481 866 pere,
524 788 921 848 nescientibus
965 788 1090 849 siue
1131 807 1253 848 non
1296 788 1631 848 curantibus
1674 788 1790 848 loci
1831 789 2189 860 custodibus,
2236 802 2299 849 et

323 888 407 948 ibi
459 900 586 949 tota
637 900 813 948 nocte
865 887 1252 964 requiescens,
1315 906 1489 948 mane
1547 898 1751 947 sanato
1806 905 1980 947 sensu
2035 906 2298 963 egressus
2371 871 2376 878 ’

323 982 665 1043 mirantibus
694 995 752 1042 et
778 983 1162 1059 gaudentibus
1197 983 1438 1056 cunctiS,
1468 983 1613 1058 quid
1650 983 1732 1044 ibi
1766 983 2028 1043 sanitatis
2055 984 2298 1043 domino

226 1098 299 1136 10
325 1081 604 1156 largiente
645 1092 1112 1155 consequeretur,
1168 1080 1439 1140 ostendit.
1525 1090 1613 1140 est
1667 1091 1865 1139 autem
1918 1081 2083 1139 locus
2138 1079 2298 1139 idem
2401 1124 2406 1137 .

324 1176 573 1251 sepulcri
598 1178 804 1236 tumba
829 1177 1020 1252 lignea
1046 1175 1107 1234 in
1135 1177 1379 1235 modum
1416 1176 1759 1235 domunculi
1798 1178 1953 1236 facta
1988 1188 2298 1253 coopertus

324 1272 580 1330 habente
619 1272 881 1346 foramen
916 1270 979 1328 in
1013 1269 1250 1346 pariete,
1292 1290 1400 1348 per
1434 1273 1595 1348 quod
1643 1275 1835 1333 solent
1878 1272 1940 1331 hi
1981 1273 2083 1349 qui
2124 1293 2300 1332 causa

325 1367 657 1428 deuotionis
684 1367 786 1427 illo
811 1366 1136 1427 adueniunt
1171 1386 1414 1426 manum
1453 1387 1619 1428 suam
1654 1367 1946 1429 inmittere
1972 1389 2045 1428 ac
2069 1379 2297 1446 partem

323 1464 578 1540 pulueris
612 1463 752 1523 inde
782 1464 1104 1535 adsumere,
1143 1482 1322 1538 quarn
1354 1482 1490 1522 cum
1521 1463 1583 1522 in
1615 1483 1797 1539 aquas
1834 1464 2093 1525 miserint
2121 1475 2298 1541 atque

224 1579 293 1634 15
324 1561 430 1618 has
473 1559 893 1618 infirmantibus
945 1555 1219 1618 iumentis
1273 1558 1399 1618 siue
1450 1558 1786 1619 hominibus
1839 1560 2156 1635 gustandas
2199 1561 2298 1619 de—

323 1654 531 1728 derint,
577 1674 717 1714 mox
760 1653 1106 1714 infirmitatis
1152 1655 1366 1713 ablata·
1401 1653 1670 1714 molestia
1724 1655 1958 1730 cupitae
2000 1653 2298 1731 sospitatis

323 1749 541 1826 gaudia
564 1749 855 1810 redibunt.
1211 1763 1215 1766 ’

443 1848 522 1906 In
576 1844 743 1906 cuius
801 1847 999 1907 locum
1053 1843 1342 1906 ordinauit
1397 1846 1744 1906 Theodorus
1806 1844 2155 1923 Vynfridum
2218 1844 2299 1904 ui-

323 1962 453 2001 rum
506 1942 731 2001 bonum
781 1961 852 2001 ac
907 1943 1260 2014 modestum,
1302 1940 1420 2017 qui,
1466 1941 1617 2000 sicut
1667 1942 2110 2038 prodecessores
2155 1942 2295 2012 eiuS,

223 2057 298 2095 20
322 2035 640 2114 prouinciis
708 2037 1061 2096 Merciorum
1129 2047 1187 2096 et
1242 2038 1804 2097 Mediterraneorum
1855 2016 2175 2111 Anglorum
2238 2047 2299 2094 et

324 2132 785 2192 Lindisfarorum
813 2132 1183 2208 episcopatus
1211 2131 1406 2192 officio
1432 2141 1760 2208 praeesset·
1796 2130 1858 2189 in
1885 2131 2098 2206 quibus
2126 2149 2297 2189 cunc—

322 2229 399 2288 tis
426 2226 716 2299 Vulfheri,
753 2226 853 2303 qui
891 2227 1086 2286 adhuc
1127 2238 1442 2303 supererat,
1488 2238 1782 2303 sceptrum
1833 2226 1995 2303 regni
2039 2229 2291 2287 tenebat.

323 2333 450 2382 erat
475 2332 671 2381 autem
687 2321 935 2398 Vynfrid
952 2322 1027 2381 de
1047 2323 1204 2382 clero
1222 2321 1348 2382 eius
1369 2321 1463 2380 cui
1488 2322 1616 2398 ipse
1643 2331 1998 2380 successerat
2024 2320 2295 2379 antistitis

324 2430 384 2479 et
412 2418 757 2479 diaconatus
785 2417 976 2477 officio
1004 2419 1113 2476 sub
1142 2436 1215 2477 eo
1242 2437 1366 2477 non
1392 2437 1585 2494 pauco
1611 2429 1876 2493 tempore
1903 2417 2263 2492 fungebatur.

227 2741 296 2800 25
1268 2726 1359 2784 IV

340 2894 748 3018 INTEREA
788 2893 1126 2963 Colmanus,
1162 2889 1264 2965 qui
1307 2890 1382 2948 de
1423 2884 1645 2947 Scottia
1685 2895 1808 2944 erat
1845 2883 2171 2991 episcopus,
2212 2903 2297 2943 re-

445 2989 714 3064 linquens
757 2985 1096 3046 Brittaniam
1139 2985 1270 3044 tulit
1308 3003 1506 3043 secum
1543 2999 1752 3042 omnes
1788 2998 1936 3056 quos
1972 2979 2033 3037 in
2072 2978 2297 3038 Lindis-

328 3084 574 3123 somnum
581 3103 676 3123 nm
732 3083 821 3123 {en
824 3084 913 3123 nol
967 3100 1247 3123 annm-noto
1256 3091 1419 3123 unmi-
1463 3082 1695 3123 Qec-istnc
1758 3078 1859 3123 ced
1907 3087 1966 3123 or
2006 3077 2083 3124 cle
2123 3087 2295 3123 σρηῒρ
