2567 3750
358 232 587 303 ΜΟΝῙΑΙ
627 235 1017 287 LEARNING
1045 232 1440 283 DECLINED
1462 232 1582 280 ἈΤ
1601 228 1869 281 BEDA'S
1891 228 2173 277 DEATH.
2214 214 2322 285 187

356 366 582 426 cunctis
619 365 725 425 tibi
756 362 990 424 creditis
1018 364 1383 441 profuturum
1426 359 1706 437 quicquid
1748 355 2030 418 ecclesiae
2068 353 2327 431 generali

354 464 619 523 claruerit
647 482 751 539 per
777 461 901 521 eius
925 459 1342 538 praestantiam
1370 457 1764 534 impertitum.’

470 562 499 634 5
540 578 615 636 59
698 561 793 616 Ita
834 557 952 615 iam
993 555 1237 616 celebris
1282 565 1406 614 erat
1447 555 1618 625 fama,
1668 562 1734 611 ut
1777 550 1839 610 in
1886 547 2326 627 quaestionibus

351 652 678 714 enodandis
705 651 989 728 indigeret
1010 670 1084 711 eo
1106 649 1431 710 sublimitas
1461 650 1750 720 Romana,
1768 665 1882 705 nec
1901 663 2044 704 uero
2064 662 2324 719 unquam

211 783 216 787 ·
291 756 323 816 5
352 751 689 809 Gallicanus
732 760 926 807 tumor
967 746 1193 806 inuenit
1231 745 1295 804 in
1336 746 1553 821 Ang10,
1593 744 1752 820 quod
1795 751 2059 818 argueret
2098 740 2319 798 merito.

350 847 500 906 adeo
529 845 813 905 Latinitas
842 845 1034 904 omnis
1068 842 1190 902 eius
1231 841 1370 901 fidei
1388 838 1395 843 “
1413 851 1474 900 et
1500 838 1831 917 magisterio
1859 838 2114 914 palmam
2143 834 2322 894 dedit.

347 961 487 1000 nam
515 954 574 1003 et
601 942 739 1003 fidei
767 961 941 1002 sanae
972 953 1030 1000 et
1057 939 1382 1000 incuriosae
1421 938 1524 997 sed
1567 935 1755 997 dulcis
1791 936 1900 994 fuit
1933 931 2322 1015 eloquentiae,

349 1036 411 1095 in
454 1039 726 1097 omnibus
768 1037 1275 1114 explanationibus
1321 1035 1647 1094 diuinarum
1688 1031 2095 1107 scripturarum
2142 1030 2326 1105 magis

349 1130 447 1189 illa
498 1131 736 1191 rimatus
779 1133 990 1207 quibus
1033 1132 1217 1190 lector
1264 1129 1362 1190 dei
1409 1129 1784 1189 dilectionem
1834 1139 1893 1187 et
1938 1124 2187 1203 proximi
2231 1143 2326 1182 co-

255 1245 326 1283 10
349 1224 589 1299 biberet,
647 1246 823 1301 quam
889 1226 990 1285 illa
1057 1226 1269 1302 quibus
1323 1227 1420 1284 uel
1475 1225 1624 1283 sales
1678 1222 1885 1281 libaret
1940 1223 2037 1279 uel
2090 1219 2324 1294 linguae

348 1321 673 1397 rubiginem
740 1322 965 1380 limaret
974 1365 1275 1379 ............
1285 1321 1643 1380 emundabat
1703 1336 1842 1393 ergo
1899 1314 2323 1376 ecclesiasticus

349 1429 543 1479 orator
567 1417 725 1494 prius
753 1416 1192 1490 conscientiam,
1220 1427 1286 1476 ut
1331 1416 1413 1476 sic
1455 1417 1761 1475 accederet
1804 1415 1881 1473 ad
1908 1412 2324 1474 recludendam

347 1514 725 1590 mysticorum
753 1514 1098 1591 scriptorum
1124 1511 1594 1589 intellegentiam.
1667 1511 1769 1586 qui
1797 1508 1955 1570 enim
1980 1507 2104 1568 fieri
2131 1517 2326 1584 potest

348 1620 414 1668 ut
457 1611 694 1670 seruiret
737 1610 893 1671 uitiis
941 1611 1044 1687 qui
1086 1611 1374 1670 medullas
1419 1609 1655 1669 intimas
1703 1608 1971 1681 hauriret,
2022 1606 2125 1684 qui
2171 1616 2325 1667 totas

151 1740 156 1745 ·
255 1723 320 1782 15
349 1704 732 1780 cogitationes
793 1717 1181 1779 consumeret,
1237 1706 1300 1764 in
1354 1705 1762 1782 scripturarum
1819 1703 2280 1781 expositionibus
2298 1709 2326 1766 ?

347 1821 501 1873 nam,
545 1812 612 1860 ut
657 1801 782 1879 ipse
830 1804 1042 1862 fatetur
1087 1801 1149 1861 in
1196 1801 1348 1862 libro
1394 1802 1563 1862 tertio
1612 1821 1786 1879 super
1832 1803 2181 1875 Samuelem,
2233 1820 2326 1860 ex-

346 1896 665 1973 positiones
720 1917 878 1971 suae,
935 1898 984 1957 si
1036 1918 1160 1958 non
1213 1898 1374 1957 aliud
1427 1900 1697 1958 afferrent
1743 1899 2058 1958 lectoribus
2108 1899 2324 1958 emolu-

346 2002 628 2066 mentum,
683 1993 801 2053 hoc
855 1993 966 2052 sibi
1017 2013 1140 2053 non
1194 1993 1564 2053 mediocriter
1616 1995 1895 2066 ualerent,
1953 1993 2131 2069 quod,
2183 1993 2324 2050 dum

346 2085 493 2145 haec
536 2087 698 2146 omni
735 2087 929 2148 studio
972 2090 1201 2165 agebat,
1229 2088 1517 2147 lubricum
1561 2088 1779 2147 saeculi
1822 2099 1883 2147 et
1924 2087 2129 2146 inanes
2171 2086 2324 2163 cogi·

253 2209 323 2247 20
348 2182 598 2242 tationes
662 2193 800 2260 post
864 2194 1092 2259 tergum
1146 2185 1444 2260 ponebat:
1510 2185 1845 2243 defaecatus
1912 2184 2109 2260 itaque
2167 2184 2324 2243 uitiis

348 2277 581 2336 subibat
619 2276 680 2335 in
721 2277 995 2337 interiora
1019 2277 1363 2352 uelaminis;
1405 2297 1555 2354 quae
1583 2278 1740 2337 intus
1768 2289 2077 2354 exceperat
2102 2277 2321 2348 anim0,

344 2374 497 2432 foras
527 2374 772 2432 efferens
800 2393 1067 2433 sermone
1095 2374 1394 2450 castigato.

464 2472 593 2543 §62
677 2471 918 2545 Sepulta
956 2482 1046 2530 est
1086 2490 1221 2529 cum
1261 2489 1336 2530 eo
1376 2480 1672 2547 gestorum
1701 2470 1891 2531 omnis
1927 2491 2079 2548 pene
2115 2470 2324 2531 notitia

345 2584 533 2642 usque
560 2565 638 2624 ad
663 2577 862 2625 nostra
888 2576 1168 2643 tempora.
1252 2569 1404 2626 adeo
1429 2569 1622 2626 nullus
1649 2570 1971 2644 Anglorum
1999 2569 2322 2629 studiorum

253 2683 281 2721 2
287 2681 318 2741 5
348 2659 472 2720 eius
499 2661 778 2732 aemuluS‚
806 2662 1000 2720 nullus
1025 2662 1338 2737 gloriarum
1366 2662 1489 2721 eius
1518 2680 1740 2738 sequax
1775 2663 1899 2736 fuit,
1931 2662 2032 2738 qui
2072 2664 2323 2724 omissae

344 2765 617 2815 monetae
656 2754 871 2814 lineam
910 2767 1385 2832 persequeretur:
1432 2756 1608 2832 pauci
1648 2776 1798 2833 quos
1838 2777 2060 2834 aequus
2099 2759 2322 2819 amauit

346 2853 532 2924 IeSUS,
575 2850 843 2926 quamuis
886 2850 1089 2911 litteris
1132 2871 1254 2911 non
1303 2850 1635 2927 ignobiliter
1676 2851 1986 2923 informati,
2033 2864 2159 2913 tota
2200 2853 2323 2912 uita

342 2945 631 3023 ingratum
677 2957 1164 3023 consumpserunt
1210 2946 1545 3019 silentium3
1603 2945 1702 3006 alii
1754 2947 1855 3006 uix
1899 2946 2100 3023 primis
2145 2945 2322 3006 labris

341 3041 470 3100 illas
535 3052 853 3118 gustantes,
921 3042 1200 3119 ignauum
1267 3044 1659 3102 confouerunt
1724 3042 1924 3101 otium.
2034 3040 2117 3100 ita
2184 3060 2320 3100 cum

249 3164 322 3219 30
345 3158 574 3214 semper
625 3140 791 3216 pigro
845 3140 1185 3199 succederet
1236 3138 1467 3216 pigrior,
1518 3140 1705 3198 multo
1759 3148 2025 3213 tempore
2078 3136 2141 3195 in
2194 3146 2322 3197 tota

343 3236 533 3296 insula
571 3236 894 3296 studiorum
936 3235 1199 3312 detepuit
1236 3237 1443 3295 feruor.
1528 3254 1805 3311 magnum
1846 3232 2115 3310 ignauiae
2163 3232 2320 3292 testi-

342 3332 605 3392 monium
648 3332 873 3391 dabunt
915 3351 1115 3392 uersus
1158 3321 1455 3410 epitaphii,
1489 3331 1755 3410 pudendi
1793 3348 2030 3408 prorsus
2074 3339 2134 3388 et
2173 3331 2319 3390 tanti

342 3426 449 3485 uiri
475 3428 778 3487 mausoleo
804 3426 1066 3505 indigni:
