2567 3750
260 220 283 258 1
296 202 369 258 68
651 216 1074 266 CHRONJCLE
1125 216 1221 266 OF
1265 216 1498 266 CHJEF
1528 212 1839 264 EVENTS
2167 194 2235 276 [v

251 349 470 411 litteras
496 369 599 409 rex
628 349 940 411 Brittaniae
971 351 1188 409 Lucius
1225 351 1464 409 mittens
1498 359 1564 408 ut
1593 348 1958 409 Christianus
1985 347 2235 407 efficere-

253 456 344 504 tur
368 445 537 521 petiit
566 456 623 505 et
651 446 979 521 inpetrauit.

371 543 553 600 Anno
602 544 677 600 ab
716 541 1116 600 incarnatione
1158 542 1387 601 domini
1427 541 1723 601 clxxxuiiii
1765 544 2015 603 Seuerus
2054 540 2234 617 impe-

251 647 406 696 rator
430 639 616 696 factus
642 638 760 696 xuii
788 638 957 697 annis
986 639 1268 715 regnauit,
1300 640 1404 717 q'ui
1442 640 1788 700 Brittaniam
1827 641 1984 699 uallo
2026 659 2063 699 a
2089 639 2233 698 mari

252 753 438 810 usque
464 735 542 793 ad
567 754 726 795 mare
753 736 1126 811 praecincxit.
2302 750 2335 809 5
2392 768 2393 771 ’

369 831 550 891 Anno
587 831 848 889 ccclxxxi
885 832 1181 890 Maximus
1216 831 1278 890 in
1319 831 1602 891 Brittania
1638 843 1866 892 creatus
1918 829 2234 908 imperator

251 925 311 983 in
334 925 587 986 Galliam
615 926 838 985 transiit
868 938 925 986 et
954 927 1300 987 Gratianum
1327 928 1634 988 interfecit.
2198 920 2204 926 ¹

368 1025 549 1084 Anno
592 1024 853 1082 ccccuiiii
888 1026 1084 1084 Roma
1120 1045 1156 1084 a
1198 1026 1413 1085 Gothis
1451 1027 1650 1096 fracta,
1695 1045 1768 1084 ex
1809 1044 1928 1100 quo
1971 1033 2234 1101 tempore

253 1118 508 1177 Romani
536 1118 598 1177 in
628 1118 911 1178 Brittania
937 1139 1176 1195 regnare
1204 1132 1525 1186 cessarunt.

366 1217 546 1273 Anno
576 1234 833 1273 ccccxxx
861 1216 1154 1275 Palladius
1181 1217 1254 1274 ad
1286 1218 1518 1275 Scottos
1556 1213 1617 1274 in
1660 1215 1958 1275 Christum
1996 1214 2237 1274 creden·
2269 1231 2338 1271 10

251 1320 337 1368 tes
364 1329 400 1368 a
429 1311 764 1370 Caelestino
793 1330 947 1386 papa
973 1310 1193 1385 primus
1221 1311 1468 1370 mittitur
1494 1311 1823 1386 episcopus.

368 1410 546 1466 Anno
575 1407 899 1466 ccccxluiiii
932 1407 1267 1465 Marcianus
1302 1425 1437 1465 cum
1471 1406 1887 1466 Valentiniano
1927 1405 2233 1482 imperium

250 1503 569 1579 suscipiens
597 1503 678 1562 uii
717 1503 887 1561 annis
930 1503 1143 1562 tenuit:
1187 1522 1435 1578 quorum
1477 1513 1739 1577 tempore
1782 1502 1961 1578 Angli
1999 1522 2037 1561 a
2077 1505 2235 1563 Bret-

251 1600 485 1659 tonibus
514 1600 772 1659 arcessiti
802 1600 1143 1659 Brittaniam
1172 1601 1454 1659 adierunt.

367 1698 546 1754 Anno
595 1697 874 1756 >dxxxuiii
942 1697 1172 1774 eclipsis
1237 1699 1377 1756 solis
1430 1700 1585 1758 facta
1640 1710 1727 1759 est
1774 1697 1896 1757 xiiii
1948 1695 2232 1756 kalendas
2265 1708 2333 1766 15

252 1796 494 1855 Martias
524 1798 600 1855 ab
629 1797 773 1854 hora
800 1794 989 1871 prima
1015 1813 1199 1869 usque
1228 1796 1306 1853 ad
1335 1795 1577 1853 tertiam.
2156 1867 2165 1872 -

366 1896 546 1952 Anno
583 1893 684 1950 dxl
723 1889 970 1967 eclypsis
1013 1890 1150 1950 solis
1184 1892 1337 1948 facta
1371 1889 1449 1948 xii
1491 1892 1774 1950 kalendas
1815 1890 2014 1962 IuliaS,
2045 1900 2106 1949 et
2133 1907 2232 1965 ap-

246 1999 559 2065 paruerunt
588 1988 788 2046 stellae
817 2005 969 2062 pene
998 1987 1143 2044 hora
1169 1985 1416 2044 dimidia
1443 1988 1519 2044 ab
1548 1988 1692 2044 hora
1724 1986 1839 2045 diei
1869 1986 2051 2045 tertia.

366 2088 545 2143 Anno
581 2084 763 2142 dxluii
806 2085 917 2142 Ida
955 2102 1195 2158 regnare
1231 2082 1448 2158 coepit,
1479 2102 1515 2141 a
1555 2103 1674 2158 quo
1715 2084 1922 2159 regalis
1965 2083 2235 2142 Nordan·

247 2181 624 2256 hymbrorum
660 2180 932 2256 prosapia
968 2179 1254 2255 originem
1296 2190 1473 2253 tenet,
1519 2190 1577 2238 et
1617 2179 1697 2238 xii
1737 2181 1906 2239 annis
1948 2181 2009 2240 in
2050 2200 2232 2257 regno
2260 2197 2336 2235 20

247 2276 577 2353 permansit.

365 2376 545 2432 Anno
588 2375 725 2432 dlxv
767 2375 1060 2434 Columba
1099 2375 1403 2449 presbyter
1449 2374 1527 2433 de
1568 2374 1794 2435 Scottia
1833 2371 2000 2435 uenit
2028 2374 2233 2434 Britta-

247 2470 404 2529 niam
432 2472 508 2530 ad
537 2472 840 2531 docendos
872 2472 1067 2530 Pictos
1096 2481 1154 2529 et
1181 2471 1241 2529 in
1271 2472 1462 2530 insula
1491 2471 1598 2530 Hii
1627 2472 2046 2532 monasterium
2072 2470 2226 2533 fecit.

363 2571 544 2627 Anno
585 2567 761 2627 dxcui
810 2568 1125 2643 Gregorius
1173 2588 1328 2643 papa
1371 2568 1528 2627 misit
1573 2568 1915 2627 Brittaniam
1963 2566 2233 2643 Augusti-

245 2683 389 2722 num
426 2683 561 2722 cum
595 2665 916 2737 monachiS,
948 2665 1048 2740 qui
1086 2666 1337 2723 uerbum
1374 2665 1470 2724 dei
1507 2666 1669 2741 genti
1702 2667 2031 2741 Anglorum
2057 2683 2232 2724 euan-
2259 2682 2289 2719 2
2298 2680 2329 2738 5

241 2746 577 2836 gelizarent.

363 2860 543 2916 Anno
592 2857 786 2916 dxcuii
842 2876 1058 2916 uenere
1115 2857 1461 2916 Brittaniam
1516 2857 1759 2933 praefati
1803 2857 2093 2930 doctoreS,
2129 2857 2230 2934 qui

242 2951 349 3011 fuit
376 2972 563 3011 annus
591 2954 722 3028 plus
752 2952 945 3011 minus
974 2954 1029 3010 cl
1057 2954 1350 3012 aduentus
1378 2956 1701 3029 Anglorum
1732 2954 1794 3012 in
1825 2954 2185 3014 Brittaniam.

362 3051 541 3107 Anno
576 3048 671 3107 dci
704 3048 861 3107 misit
905 3068 1060 3124 papa
1096 3049 1412 3125 Gregorius
1449 3050 1691 3125 pallium
1735 3050 2079 3109 Brittaniam
2111 3053 2232 3110 Au-

242 3142 476 3216 gustino
529 3143 646 3201 iam
694 3145 849 3203 facto
905 3144 1187 3220 episcopo
1236 3158 1297 3204 et
1349 3146 1546 3221 plures
1595 3146 1762 3205 uerbi
1808 3145 2122 3221 ministros,
2166 3146 2228 3207 in
2256 3159 2332 3215 30

245 3237 458 3313 quibus
487 3250 545 3297 et
575 3240 906 3299 Paulinum.

361 3335 542 3392 Anno
570 3334 705 3392 dciii
735 3348 1059 3410 pugnatum
1087 3338 1163 3396 ad
1194 3340 1594 3413 Degsastanae.

627 3429 670 3461 ²⁴
701 3433 891 3479 arcesiti
909 3449 999 3483 ms,
1528 3434 1572 3466 1⁶
1603 3442 1719 3484 meir
1738 3452 1831 3486 ms.
