2567 3750
282 30 375 88 92·
685 24 1051 79 ,REFORMS
1093 25 1354 76 UNDER
1408 25 1822 79 THEODORE.
2144 10 2265 95 [IV

1239 237 1307 294 ΙΙ

410 364 789 424 ERVENIT
835 373 1036 423 autem
1079 363 1432 423 Theodorus
1486 363 1564 423 ad
1611 362 1921 423 ecclesiam
1966 384 2133 447 suam
2180 385 2267 427 se-

446 462 644 522 cundo
670 471 983 537 postquam
1011 471 1384 519 consecratus
1411 470 1498 519 est
1525 478 1685 520 anno
1713 461 1824 520 sub
1854 460 1950 521 die
1977 461 2040 521 ui
2066 463 2266 521 kalen-

280 554 489 613 darum
518 553 819 612 Iuniarum
856 552 1155 613 dominica
1179 563 1239 612 et
1264 552 1403 612 fecit
1436 552 1498 611 in
1537 571 1607 613 ea
1643 572 1831 613 annos
1866 574 1947 613 xx
1982 565 2041 615 et
2079 575 2263 615 unum

280 670 513 711 menses
540 649 603 710 iii
629 650 755 711 dies
781 649 936 709 xxui.
1018 668 1275 725 moxque
1308 660 1608 726 peragrata
1640 648 1831 709 insula
1855 660 1983 710 tota
2012 670 2266 728 quaqua·
2335 669 2366 729 5

281 766 516 806 uersum
551 748 876 824 Anglorum
917 756 1121 822 gentes
1162 746 1556 819 morabantur,
1597 764 1737 804 nam
1780 756 1839 805 et
1882 746 2263 808 libentissime

279 844 356 900 ab
393 839 668 926 omnibus
704 840 1124 917 suscipiebatur
1154 852 1331 916 atque
1368 840 1726 912 audiebatur,
1760 852 1984 901 rectum
2020 842 2266 913 uiuendi

278 939 547 998 ordinem
593 937 772 997 ritum
814 939 1066 1013 paschae
1121 937 1459 997 celebrandi
1510 937 1862 997 canonicum
1914 957 2022 1014 per
2064 939 2264 1000 omnia

280 1032 603 1093 comitante
653 1043 712 1092 et
768 1042 1121 1108 cooperante
1177 1031 1489 1091 Hadriano
1547 1031 1984 1095 disseminabat.
2094 1032 2265 1110 isque

280 1130 503 1207 primus
524 1140 653 1190 -erat
688 1129 750 1188 in
786 1128 1254 1205 archiepiscopiS,
1294 1129 1391 1188 cui
1427 1129 1620 1189 omnis
1655 1131 1981 1205 Anglorum
2014 1130 2263 1190 ecclesia
2300 1158 2371 1199 10

280 1244 489 1287 manus
542 1228 682 1286 dare
728 1224 1097 1285 consentiret.
1198 1235 1257 1284 et
1310 1223 1449 1302 quia
1499 1223 1703 1285 litteris
1756 1224 1933 1284 sacris
1985 1225 2156 1285 simul
2206 1239 2265 1287 et

281 1319 674 1380 saecularibus
719 1330 784 1379 ut
829 1319 1078 1379 diximus
1130 1320 1501 1379 abundanter
1545 1321 1724 1380 ambo
1770 1331 1935 1380 erant
1979 1319 2261 1394 instructi,

282 1427 630 1494 congregata
676 1415 1096 1492 discipulorum
1137 1425 1375 1474 caterua
1418 1415 1695 1475 scientiae
1740 1415 2003 1476 salutaris
2045 1416 2265 1478 cotidie

279 1511 524 1571 flumina
549 1511 863 1588 inrigandis
901 1530 1105 1571 eorum
1141 1510 1415 1571 cordibus
1455 1510 1841 1572 emanabant:
1883 1512 1967 1572 ita
1991 1523 2057 1573 ut
2084 1515 2263 1573 etiam

281 1606 556 1665 metricae
608 1605 746 1665 artis
808 1604 1201 1665 astronomiae
1255 1615 1316 1664 et
1368 1605 1769 1666 arithmeticae
1836 1607 2261 1667 ecclesiasticae
2298 1638 2366 1699 15

282 1700 651 1777 disciplinam
694 1699 845 1760 inter
887 1719 1182 1759 sacrorum
1219 1699 1456 1776 apicum
1492 1700 1796 1760 uolumina
1835 1701 1955 1760 suis
1990 1701 2266 1763 auditori-

280 1799 392 1857 bus
425 1799 849 1857 contraderent.
932 1795 1155 1857 indicio
1187 1806 1278 1856 est
1314 1797 1476 1872 quod
1512 1817 1699 1873 usque
1735 1798 1915 1858 hodie
1955 1809 2263 1877 supersunt

282 1898 358 1956 de
388 1915 588 1955 eorum
616 1895 916 1972 discipulis
945 1895 1047 1971 qui
1069 1894 1340 1954 Latinam
1358 1897 1762 1972 Graecamque
1788 1894 2048 1972 linguam
2074 1915 2263 1972 aeque

279 2002 345 2049 ut
381 1991 675 2067 propriam
707 1990 770 2049 in
808 2010 926 2066 qua
952 1989 1074 2049 nati
1102 2000 1237 2049 sunt
1265 2000 1495 2049 norunt.
1578 2008 1772 2065 neque
1799 2008 2083 2065 umquam
2107 2009 2265 2066 pror-

281 2108 378 2147 sus
399 2108 473 2147 ex
492 2107 612 2164 quo
633 2087 974 2147 Brittaniam
999 2086 1291 2163 petierunt
1306 2086 1486 2163 Angli
1504 2086 1761 2147 feliciora
1781 2088 1941 2145 fuere
1964 2098 2264 2162 tempora3
2296 2120 2372 2158 20

281 2188 427 2245 dum
474 2196 535 2245 et
578 2185 921 2245 fortissimos
970 2183 1448 2260 Christianosque
1502 2186 1784 2245 habentes
1825 2204 1990 2262 reges
2035 2185 2264 2245 cunctis

281 2283 542 2342 barbaris
568 2281 906 2341 nationibus
940 2291 1136 2341 essent
1170 2279 1377 2341 terrori
1410 2290 1470 2340 et
1506 2281 1773 2341 omnium
1804 2292 1948 2341 uota
1974 2282 2051 2340 ad
2078 2300 2266 2357 nuper

279 2378 483 2437 audita
523 2377 790 2437 caelestis
826 2376 990 2453 regni
1028 2376 1245 2452 gaudia
1284 2376 1615 2451 penderent
1649 2385 1711 2435 et
1752 2374 2110 2451 quicumque
2150 2378 2268 2435 lec·

280 2473 542 2533 tionibus
579 2472 756 2531 sacris
791 2481 1073 2548 cuperent
1108 2470 1323 2531 erudiri
1355 2472 1643 2531 haberent
1682 2470 1745 2548 in
1782 2481 2022 2547 promtu
2058 2469 2267 2547 magis·

283 2582 403 2630 tros
431 2565 535 2645 qui
563 2570 861 2629 docerent.
2297 2595 2369 2654 25

401 2664 519 2726 Sed
547 2676 605 2724 et
632 2683 811 2724 sonos
838 2662 1116 2722 cantandi
1143 2660 1206 2722 in
1233 2661 1498 2735 ecclesia,
1524 2681 1672 2738 quos
1695 2672 1938 2723 eatenus
1966 2662 2029 2723 in
2050 2663 2267 2725 Cantia

280 2773 508 2822 tantum
560 2772 867 2835 nouerant,
912 2762 991 2820 ab
1038 2762 1156 2820 hoc
1196 2772 1463 2837 tempore
1516 2780 1624 2837 per
1676 2779 1882 2821 omnes
1934 2763 2266 2837 Anglorum

280 2856 558 2936 ecclesias
595 2856 819 2916 discere
856 2864 1214 2932 coeperunt:
1253 2854 1611 2931 primusque,
1646 2865 1895 2932 excepto
1933 2856 2160 2917 Iacobo
2187 2858 2265 2917 de

280 2973 400 3031 quo
445 2972 617 3030 supra
664 2952 931 3026 diximuS,
989 2950 1269 3011 cantandi
1315 2950 1590 3026 magister
1635 2951 1695 3010 N
1697 2951 2264 3027 ordanhymbrorum

280 3049 542 3110 ecclesiis
586 3048 785 3109 Aeddi
840 3058 1238 3126 cognomento
1292 3049 1624 3123 Stephanus
1677 3048 1803 3120 fuit,
1853 3047 2133 3109 inuitatus
2187 3049 2263 3109 de
2294 3042 2376 3136 32⁹>

282 3145 495 3208 Cantia
550 3166 588 3206 a
638 3145 1108 3206 reuerentissimo
1158 3143 1289 3203 uiro
1340 3143 1610 3223 vilfrido,
1667 3144 1772 3222 qui
1835 3144 2057 3221 primus
2110 3143 2264 3205 inter

997 3263 1041 3296 ¹⁸
1071 3263 1418 3313 an'tlzimeticae
1436 3278 1527 3312 ms,
