2567 3750
255 91 320 150 15
333 93 362 131 2
516 84 920 137 MISSJONAR
933 87 983 136 Y
1012 85 1353 136 LABOLwS
1396 83 1491 133 oF
1530 80 1937 133 CUDBERCT.
2106 62 2225 144 [IV

247 219 341 275 uel
387 196 727 293 presbytero
781 213 980 274 cuncti
1035 215 1114 273 ad
1156 213 1282 273 eius
1325 211 1637 288 imperium
1679 211 1926 270 uerbum
1972 207 2225 270 audituri

248 313 623 382 confluerent,
663 312 913 371 libenter
951 330 1023 370 ea
1065 327 1217 386 quae
1258 308 1589 368 dicerentur
1623 308 1911 380 audirent,
1948 306 2226 367 libentius

250 429 398 485 quae
444 408 646 468 audire
691 418 751 467 et
791 408 1127 482 intellegere
1172 415 1447 482 poterant
1490 406 1791 481 operando
1828 412 2223 480 sequerentur.

249 525 421 582 porro
478 506 818 566 Cudbercto
870 513 1035 562 tanta
1088 513 1211 561 erat
1264 501 1503 561 dicendi
1557 501 1778 577 peritia
1810 511 2008 560 tantus
2062 518 2229 558 amor

248 600 641 678 persuadendi
684 619 835 676 quae
880 609 1156 675 coeperat
1200 601 1318 659 tale
1361 601 1559 658 uultus
1607 597 1854 673 angelici
1895 600 2114 670 lumen,
2161 606 2227 655 ut
2294 617 2327 676 5

249 701 446 758 nullus
487 697 885 773 praesentium
909 697 1162 756 latebras
1190 696 1246 755 ei
1274 694 1364 755 sui
1393 695 1586 755 cordis
1614 697 1805 754 celare
1832 682 2227 770 praesumeret

250 804 458 857 omnes
511 797 708 872 palam
763 813 916 869 quae
968 803 1268 870 gesserant
1322 794 1664 853 confitendo
1717 793 2041 868 proferrent
2084 792 2226 867 quia

250 892 526 952 nimirum
561 892 709 950 haec
744 891 953 950 eadem
990 888 1156 948 illum
1198 890 1378 947 latere
1418 889 1583 947 nullo
1616 887 1798 946 modo
1836 886 2135 962 putabant,
2168 895 2228 944 et

250 991 519 1048 confessa
546 986 737 1064 dignis
764 997 831 1047 ut
858 986 1182 1064 imperabat
1207 985 1606 1062 poenitentiae
1634 984 1915 1043 fructibus
1942 985 2228 1060 absterge-

249 1097 393 1145 rent.
481 1086 706 1144 solebat
738 1093 937 1144 autem
978 1104 1049 1144 ea
1075 1083 1331 1142 maxime
1358 1083 1490 1142 loca
1516 1101 1835 1159 peragrare,
1867 1081 1978 1141 i-llis
2005 1081 2227 1159 praedi-
2260 1100 2332 1139 10

252 1203 384 1242 care
428 1182 488 1242 in
536 1181 762 1252 uiculiS,
793 1182 893 1257 qui
939 1181 1000 1240 in
1047 1181 1243 1239 arduis
1288 1179 1625 1256 asperisque
1672 1179 1974 1239 montibus
2022 1181 2228 1255 procul

250 1278 427 1354 positi
455 1277 581 1336 aliis
617 1275 840 1336 horrori
880 1286 1042 1335 erant
1083 1277 1162 1335 ad
1198 1275 1512 1334 uisendum
1546 1285 1605 1333 et
1641 1284 1983 1350 paupertate
2016 1273 2231 1350 pariter

252 1390 321 1429 ac
349 1370 667 1430 rusticitate
696 1390 800 1429 sua
828 1371 1139 1430 doctorum
1168 1371 1448 1429 arcebant
1476 1388 1806 1428 accessum:
1850 1388 2003 1444 quos
2028 1380 2227 1429 tamen

252 1469 349 1527 ille
382 1467 482 1544 pio
515 1468 764 1527 libenter
795 1465 1167 1541 mancipatus
1200 1464 1389 1524 labori
1430 1473 1595 1524 tanta
1632 1465 1937 1524 doctrinae
1980 1465 2227 1525 sollertis

255 1563 560 1621 excolebat
587 1561 884 1632 industria,
928 1571 994 1619 ut
1031 1562 1107 1620 de
1148 1559 1505 1619 monasterio
1540 1579 1802 1634 egressus
1839 1579 2016 1638 saepe
2053 1562 2229 1621 ebdo-
2262 1574 2329 1633 15

253 1657 427 1714 made
470 1655 709 1731 integra,
758 1654 1075 1730 aliquando
1119 1656 1350 1714 duabus
1392 1657 1489 1714 uel
1537 1656 1737 1727 tribuS,
1783 1675 2227 1731 nonnumquam

254 1751 431 1810 etiam
468 1768 670 1809 mense
701 1752 880 1826 pleno
919 1752 1164 1810 domurn
1201 1769 1326 1809 non
1370 1749 1602 1822 rediret,
1644 1752 1751 1809 sed
1787 1752 2121 1809 demoratus
2168 1750 2228 1808 in

253 1845 548 1907 montanis
600 1846 837 1923 plebem
883 1845 1159 1905 rusticam
1205 1846 1393 1907 uerbo
1439 1846 1897 1924 praedicationis
1949 1846 2124 1906 simul
2171 1858 2231 1907 et

255 1960 430 2018 opere
457 1940 685 1999 uirtutis
712 1941 789 1999 ad
818 1940 1090 2000 caelestia
1116 1952 1372 2000 uocaret.

376 2038 532 2096 Cum
577 2054 717 2112 ergo
759 2036 1109 2096 uenerabilis
1130 2036 1383 2096 'domini
1415 2038 1671 2098 famulus
1708 2040 1925 2098 multos
1963 2037 2024 2097 in
2063 2038 2230 2097 Mail-
2261 2065 2336 2103 20

253 2130 491 2192 ronensi
538 2130 894 2190 monasterio
938 2132 1160 2207 degens
1202 2151 1391 2191 annos
1440 2135 1667 2209 magnis
1718 2133 1998 2193 uirtutum
2053 2133 2232 2210 signis

255 2230 571 2303 effulgeret,
604 2228 893 2287 transtulit
931 2247 1069 2288 eum
1105 2229 1607 2289 reuerentissimus
1649 2231 1835 2289 abbas
1872 2229 2055 2305 ipsius
2085 2231 2234 2288 Eata

254 2327 331 2384 ad
358 2324 610 2383 insulam
641 2323 1222 2394 Lindisfarnensium,
1252 2334 1320 2382 ut
1347 2323 1428 2383 ibi
1467 2343 1702 2400 quoque
1740 2325 2008 2384 fratribus
2046 2336 2233 2384 custo-

255 2419 414 2479 diam
443 2419 787 2494 disciplinae
820 2420 1095 2496 regularis
1138 2431 1196 2479 et
1237 2420 1583 2480 auctoritate
1623 2420 1908 2497 propositi
1941 2419 2235 2480 intimaret

257 2501 316 2576 et
359 2515 594 2593 propria
639 2516 874 2575 actione
916 2527 1421 2592 praemonstraret.
1505 2536 1646 2575 narn
1692 2528 1751 2576 et
1796 2517 1991 2593 ipsum
2033 2519 2232 2577 locum
2264 2535 2295 2573 2
2302 2528 2333 2589 5

257 2626 400 2671 tunc
426 2611 587 2670 idem
613 2611 1115 2671 reuerentissimus
1142 2624 1311 2688 pater
1335 2612 1565 2672 abbatis
1594 2614 1718 2672 iure
1746 2616 1982 2689 regebat
1993 2636 2011 2689 3
2062 2612 2236 2689 siqui-

257 2709 393 2766 dem
421 2727 458 2765 a
484 2707 844 2783 temporibus
872 2708 1096 2768 ibidem
1124 2708 1378 2784 antiquis
1407 2719 1466 2768 et
1492 2708 1804 2784 episcopus
1832 2728 1968 2768 cum
1989 2710 2148 2769 clero
2178 2722 2238 2768 et

255 2804 438 2863 abbas
475 2805 705 2863 solebat
738 2823 974 2864 manere
1011 2824 1150 2863 cum
1185 2805 1509 2877 monachis,
1549 2804 1651 2880 qui
1694 2817 1892 2864 tamen
1933 2816 1993 2864 et
2018 2805 2131 2882 ipsi
2159 2808 2237 2866 ad

256 2917 455 2957 curam
482 2898 745 2976 episcopi
770 2899 1124 2960 familiariter
1146 2899 1515 2974 pertinerent.
1566 2900 1704 2976 quia
1724 2900 1999 2959 nimirum
2019 2901 2233 2975 Aidan,

259 2991 361 3066 qui
391 2992 615 3066 primus
653 2992 778 3052 eius
813 2993 931 3054 loci
965 2993 1274 3069 episcopus
1308 2994 1432 3065 fuit,
1472 3012 1610 3052 cum
1643 2994 1947 3054 monachis
1990 2995 2132 3054 illuc
2174 3007 2235 3055 et
2262 3007 2338 3062 30

259 3087 383 3161 ipse
401 3090 725 3147 monachus
740 3089 1062 3148 adueniens
1090 3090 1498 3149 monachicam
1532 3089 1592 3148 in
1622 3109 1697 3149 eo
1725 3089 2234 3151 conuersationem

258 3181 540 3242 instituit:
583 3185 888 3258 quomodo
940 3195 1001 3243 et
1054 3187 1213 3260 prius
1269 3187 1475 3245 beatus
1530 3198 1694 3261 pater
1746 3187 2110 3263 Augustinus
2172 3188 2234 3248 in

673 3292 716 3326 ¹⁴
748 3297 928 3345 solertis
958 3313 1019 3360 pr
1038 3314 1165 3347 man.
1500 3297 1541 3331 ²2
1570 3300 1688 3363 (ficl-
1723 3315 1815 3349 ms.
