2567 3750
330 6 375 58 ‘1
388 18 460 70 24
856 15 1094 64 SYNOD
1129 16 1224 65 OF
1247 15 1777 67 HAETHFELTH.
2199 1 2316 83 [IV

339 158 566 217 chorus.
635 154 746 216 hos
773 155 972 232 itaque
998 167 1311 232 sequentes
1341 176 1448 216 nos
1475 157 1572 233 pie
1598 172 1776 234 atque
1804 159 2130 220 orthodoxe
2156 161 2315 221 iuxta

339 251 620 311 diuinitus
673 250 1013 327 inspiratam
1068 251 1397 310 doctrinam
1453 272 1656 312 eorum
1722 254 1968 330 professi
2022 257 2313 318 credimus

339 358 732 409 consonanter
757 358 816 408 et
844 349 1188 407 confitemur
1215 350 1543 408 secundum
1572 360 1805 408 sanctos
1841 362 2051 426 patreS,
2082 352 2314 430 proprie

338 453 401 504 et
428 443 711 504 ueraciter
737 454 960 520 patrem
990 455 1048 503 et
1075 443 1258 502 filium
1288 456 1347 503 et
1388 443 1654 520 spiritum
1692 456 1960 505 sanctum
1996 448 2312 509 trinitatem

339 539 401 598 in
428 538 650 598 unitate
678 537 1231 597 consubstantialem
1262 548 1323 597 et
1356 537 1639 597 unitatem
1675 538 1737 597 in
1770 539 2041 613 trinitate,
2072 542 2189 602 hoc
2225 556 2313 604 est
2379 551 2413 612 5

339 650 525 694 unum
550 635 730 695 deum
758 634 820 693 in
856 634 1036 693 tribus
1070 633 1461 693 subsistentiis
1500 636 1596 694 uel
1636 635 1903 711 personis
1936 640 2314 698 consubstan-

337 730 574 789 tialibus
613 728 873 806 aequalis
912 728 1129 804 gloriae
1174 741 1232 788 et
1275 728 1547 788 honoris!
1631 740 1690 788 et
1722 740 1857 806 post
1900 732 2087 790 multa
2121 731 2312 792 huius-

338 825 504 885 modi
540 843 693 900 quae
734 824 814 882 ad
855 834 1048 883 rectae
1094 823 1231 883 fidei
1268 823 1699 883 confessionem
1731 824 2119 900 pertinebant,
2164 829 2310 887 haec

337 935 578 994 quoque
632 928 835 976 sancta
887 919 1144 992 synodus
1199 917 1317 976 suis
1370 918 1575 977 litteris
1639 918 1843 978 addit:
1911 925 1929 954 ‘⁴
1952 919 2311 997 suscepimus

337 1021 569 1071 sanctas
613 1022 672 1071 et
714 1011 1070 1072 uniuersales
1114 1011 1375 1088 quinque
1432 1012 1690 1088 synodos
1736 1013 2042 1072 beatorum
2090 1027 2150 1074 et
2195 1017 2310 1076 deo
2343 1030 2414 1071 110

336 1106 784 1183 acceptabilium
837 1117 1104 1183 patrum3
1172 1106 1231 1166 id
1286 1117 1375 1166 est
1429 1107 1532 1182 qui
1585 1106 1647 1165 in
1702 1107 1927 1168 Nicaea
1979 1111 2311 1187 congregati

337 1204 570 1263 fuerunt
597 1223 740 1263 cccx
768 1214 827 1262 et
862 1202 965 1262 uiii
992 1213 1200 1262 contra
1235 1203 1469 1261 Arrium
1501 1201 1910 1279 impiissimum
1951 1215 2010 1262 et
2047 1205 2310 1265 eiusdem

337 1303 633 1379 dogmata,
665 1310 723 1359 et
760 1297 823 1358 in
863 1298 1379 1374 Constantinopoli
1406 1301 1462 1357 cl
1499 1310 1703 1359 contra
1739 1301 2075 1359 uaesaniam
2114 1304 2311 1360 Mace·

336 1396 481 1457 doni
535 1405 595 1457 et
649 1393 904 1455 Eudoxii
957 1404 1018 1454 et
1072 1412 1276 1454 eorum
1331 1396 1622 1471 dogmata,
1680 1406 1739 1455 et
1793 1396 1855 1454 in
1903 1398 2077 1457 Efeso
2121 1397 2309 1472 primo

337 1493 724 1552 ducentorum
778 1500 982 1549 contra
1034 1489 1455 1565 nequissimum
1512 1491 1853 1550 Nestorium
1921 1504 1980 1552 et
2047 1493 2305 1554 eiusdem
2343 1504 2410 1561 15

337 1586 627 1662 dogmata,
675 1597 734 1646 et
779 1584 842 1642 in
882 1585 1220 1648 Calcedone
1264 1585 1433 1642 derum
1473 1595 1531 1644 et
1588 1606 1701 1655 xxx
1740 1597 1948 1645 contra
2002 1589 2305 1664 Eutychen

339 1693 398 1742 et
444 1679 779 1741 Nestorium
820 1692 878 1741 et
918 1700 1122 1740 eorum
1167 1682 1445 1758 dogmata
1462 1702 1480 1755 3
1528 1693 1586 1742 et
1627 1683 1836 1742 iterum
1873 1683 1937 1741 in
1978 1680 2307 1744 Constanti-

337 1774 539 1852 nopoli
565 1775 770 1853 quinto
799 1776 1132 1852 congregati
1160 1788 1299 1835 sunt
1326 1777 1576 1838 concilio
1613 1776 1674 1836 in
1708 1789 1972 1854 tempore
2000 1779 2305 1838 Iustiniani

337 1871 576 1933 minoris
603 1884 807 1932 contra
842 1873 1224 1933 Theodorum
1259 1886 1317 1933 et
1354 1876 1717 1934 Theodoreti
1760 1887 1816 1935 et
1861 1878 2002 1935 Ibae
2032 1873 2303 1951 epistolas

337 1981 399 2030 et
450 1988 653 2030 eorum
700 1970 978 2044 dogmata
1020 1981 1224 2029 contra
1258 1970 1580 2046 cyrillum!
1662 1982 1720 2030 et
1762 1974 1939 2047 paulo
1980 1983 2150 2048 post:
2214 1977 2305 2031 ‘et
2333 1987 2408 2024 20

338 2067 628 2143 synodum
674 2084 825 2141 quae
865 2066 1018 2124 facta
1050 2077 1140 2125 est
1175 2066 1241 2124 in
1276 2068 1422 2125 urbe
1460 2069 1657 2126 Roma
1683 2065 1745 2125 in
1773 2078 2036 2142 tempore
2066 2066 2305 2126 Martini

335 2183 525 2240 papae
571 2161 889 2223 beatissimi
941 2161 1262 2222 indictione
1331 2162 1461 2222 uiiia
1527 2162 1850 2238 imperante
1920 2162 2306 2223 Constantino

274 2309 279 2312 a
334 2259 598 2339 piissimo
623 2277 780 2318 anno
820 2278 979 2319 nono
1017 2259 1392 2336 suscepimus.
1480 2271 1539 2318 et
1581 2259 1968 2335 glorificamus
2001 2258 2304 2319 dominum

336 2367 601 2416 nostrum
630 2356 847 2427 Iesum,
877 2355 1030 2414 sicut
1057 2355 1151 2414 isti
1191 2355 1674 2432 glorificauerunt,
1709 2354 1853 2413 nihil
1885 2355 2171 2414 addentes
2208 2357 2304 2414 uel

337 2451 778 2525 subtrahentes;
818 2461 876 2510 et
911 2449 1468 2510 anathematizamus
1518 2450 1694 2508 corde
1742 2458 1801 2508 et
1838 2468 1938 2509 ore
1982 2468 2129 2525 quos
2172 2469 2306 2507 ana-
2334 2466 2405 2525 25

336 2546 777 2608 thematizarunt
804 2558 863 2606 et
889 2566 1039 2623 quos
1067 2557 1447 2622 susceperunt
1475 2544 1838 2621 suscepimus
1866 2565 1879 2603 ε
1917 2545 2306 2621 glorificantes

337 2644 515 2705 deum
545 2656 769 2721 patrem
807 2644 932 2703 sine
965 2643 1130 2702 initio
1168 2654 1226 2702 et
1274 2641 1455 2699 filium
1492 2642 1616 2700 eius
1655 2629 2019 2717 unigenitum
2058 2651 2115 2700 et
2141 2652 2306 2716 patre

327 2751 676 2817 generatum
713 2748 849 2799 ante
891 2740 1126 2799 saecula
1169 2749 1228 2798 et
1266 2736 1531 2815 spiritum
1576 2749 1844 2797 sanctum
1885 2738 2305 2814 procedentem

337 2853 412 2893 ex
443 2845 609 2910 patre
635 2844 695 2894 et
721 2834 841 2894 filio
868 2833 1339 2906 inenarrabiliter,
1360 2832 1509 2892 sicut
1534 2833 2019 2908 praedicauerunt
2045 2832 2122 2905 hi,
2155 2850 2304 2908 quos

337 2931 789 2991 memorauimus
820 2951 1027 3007 supra,
1078 2930 1263 2990 sancti
1308 2929 1557 3006 apostoli
1605 2940 1664 2989 et
1709 2930 2028 3005 prophetae
2070 2938 2127 2988 et
2167 2929 2303 2987 doc·
2329 2952 2406 3006 30

337 3036 507 3085 tores.
591 3036 651 3084 et
703 3045 811 3085 nos
865 3045 1071 3085 omnes
1126 3024 1586 3101 subscripsimus,
1642 3024 1744 3101 qui
1798 3042 1934 3082 cum
1985 3022 2303 3082 Theodoro

324 3115 773 3196 ⁴'archiepiscopo
799 3122 978 3180 fidem
1006 3121 1353 3180 catholicam
1383 3118 1790 3197 exposuimus)
2253 3158 2264 3164 ·

496 3231 519 3263 ⁸
548 3232 840 3281 subsistentis
871 3249 961 3283 ms.
1245 3230 1289 3263 ²⁶
1318 3234 1616 3282 detrahentes
1636 3249 1695 3296 pr
1716 3247 1847 3281 man.
1870 3231 2023 3280 subtr·
2044 3245 2140 3280 sec.
2539 3151 2542 3302 i
