2567 3750
340 66 399 147 (2
407 65 470 144 3)
487 95 533 117 =
558 63 657 147 21]
692 82 1050 133 BECOMES
1075 82 1361 132 ABBESS
1394 81 1489 131 OF
1512 80 2175 131 STRENAESHALCH.
2217 79 2325 144 137

463 211 605 269 Post
641 209 790 268 haec
825 209 979 268 facta
1015 218 1104 270 est
1142 207 1440 269 abbatissa
1471 206 1533 266 in
1566 207 1923 268 monasterio
1959 211 2122 284 quod
2160 230 2332 270 uoca-

342 316 436 366 tur
461 308 771 378 Heruteu3
812 306 974 381 quod
1011 304 1292 366 uidelicet
1327 297 1747 364 monasterium
1784 305 2004 365 factum
2044 318 2168 366 erat
2208 326 2332 366 non

342 404 531 464 multo
584 413 724 463 ante
764 423 802 462 a
837 402 1113 478 religiosa·
1155 401 1374 462 Christi
1424 402 1646 460 famula
1701 400 1883 475 Heiu‚
1939 422 2091 479 quae
2143 402 2335 479 prima

341 500 690 560 feminarum
737 501 915 560 fertur
965 499 1029 560 in
1080 498 1387 576 prouincia
1442 501 2068 577 Nordanhymbrorum
2122 520 2334 579 propo·

281 614 312 673 5
343 595 521 679 situm
546 606 894 671 uestemque
922 595 1383 656 sanctimonialis
1419 595 1654 656 habitus
1687 606 2068 657 consecrante
2095 597 2333 659 Aidano
2387 611 2391 615 ⁴

343 693 625 771 episcopo
673 692 1014 770 suscepisse.
1114 693 1223 753 sed
1273 692 1375 752 illa
1426 703 1563 768 post
1617 711 1740 753 non
1793 695 2044 752 multum
2098 704 2334 771 tempus

342 790 480 850 facti
509 790 846 850 monasterii
867 788 1105 849 secessit
1132 789 1210 848 ad
1239 789 1542 849 ciuitatem
1562 789 1887 850 Calcariam
1916 810 2071 868 quae
2096 810 2136 850 a
2158 803 2334 868 gente

341 889 670 964 Anglorum
711 886 1133 947 Kaelcacaestir
1172 887 1515 963 appellatur,
1558 886 1760 962 ibique
1805 886 1916 946 sibi
1963 887 2335 948 mansionem

343 982 607 1043 instituit.
690 985 949 1059 praelata
992 992 1190 1042 autem
1233 981 1502 1058 regimini
1542 980 1880 1041 monasterii
1921 981 2075 1041 illius
2115 983 2336 1044 famula

247 1097 319 1134 10
345 1079 561 1143 Christi
617 1079 787 1152 Hild,
843 1098 985 1139 mox
1030 1079 1148 1138 hoc
1193 1078 1439 1154 regulari
1493 1078 1617 1138 uita
1661 1098 1767 1155 per
1814 1078 2029 1153 omnia,
2079 1089 2258 1156 prout
2299 1102 2336 1141 a

343 1175 535 1235 doctis
561 1175 700 1234 uiris
727 1174 952 1235 discere
978 1186 1224 1251 poterat,
1249 1175 1517 1235 ordinare
1545 1176 1820 1235 curabat:
1856 1195 1996 1234 nam
2026 1188 2085 1236 et
2114 1177 2336 1253 episco-

342 1291 453 1348 pus
489 1270 686 1331 Aidan
723 1282 783 1331 et
823 1269 1044 1346 quique
1086 1281 1379 1330 nouerant
1418 1289 1553 1330 eam
1592 1269 1863 1347 religiosi,
1908 1290 2016 1346 pro
2060 1270 2235 1332 insita
2278 1272 2340 1332 ei'

343 1365 631 1442 sapientia
674 1376 734 1424 et
780 1382 980 1425 amore
1027 1364 1213 1427 diuini
1267 1366 1601 1437 famulatuS‚
1659 1367 1867 1427 sedulo
1917 1385 2049 1426 eam
2097 1366 2333 1428 uisitare

343 1464 558 1523 obnixe
585 1481 780 1523 amare
809 1461 1114 1538 diligenter
1141 1461 1371 1521 erudire
1398 1463 1682 1523 solebant.

249 1583 269 1621 ι
283 1581 315 1640 5
463 1561 621 1621 Cum
648 1578 786 1635 ergo
813 1557 1038 1634 aliquot
1073 1577 1262 1619 annos
1299 1558 1436 1619 huic
1472 1560 1829 1620 monasterio
1863 1559 2140 1637 regularis
2175 1559 2333 1621 uitae·

343 1655 693 1717 institutioni
722 1658 972 1716 multum
1005 1655 1233 1716 intenta
1261 1667 1573 1733 praeesset,
1604 1656 1849 1733 contigit
1877 1667 2010 1716 eam
2038 1657 2333 1734 suscipere

343 1749 520 1809 etiam
559 1752 1023 1811 construendum
1064 1750 1190 1811 siue
1226 1751 1623 1812 ordinandum
1660 1752 2079 1811 monasterium
2107 1751 2170 1811 in
2198 1755 2335 1813 loco

344 1847 445 1923 qui
491 1859 738 1909 uocatur
783 1849 1247 1923 Streaneshalch,
1296 1851 1462 1927 quod
1502 1868 1651 1927 opus
1675 1848 1803 1910 *sibi
1844 1849 2171 1911 iniunctum
2207 1869 2333 1911 non

344 1943 595 2019 segniter
621 1944 904 2020 impleuit.
988 1964 1127 2005 nam
1161 1944 1403 2017 eisdem,
1444 1946 1657 2022 quibus
1692 1945 1852 2021 prius
1889 1946 2327 2020 monasterium,

247 2061 319 2100 20
343 2041 519 2100 etiam
562 2043 678 2101 hoc
725 2040 1049 2119 disciplinis
1095 2042 1254 2103 uitae
1301 2042 1577 2119 regularis
1624 2041 1907 2102 instituit:
1977 2053 2035 2101 et
2090 2042 2332 2118 quidem

344 2139 590 2202 multam
626 2136 708 2197 ibi
745 2157 984 2214 quoque
1023 2137 1276 2198 iustitiae
1323 2138 1557 2214 pietatis
1595 2148 1658 2202 et,
1690 2137 2071 2197 castimoniae
2117 2150 2333 2198 cetera-

342 2251 591 2309 rumque
633 2232 916 2293 uirtutum
957 2234 1063 2293 sed
1096 2232 1355 2292 maxime
1397 2232 1560 2310 pacis
1605 2242 1665 2292 et
1712 2231 1964 2292 caritatis
2000 2233 2333 2293 custodiam

343 2327 579 2389 docuit:
621 2325 704 2387 ita
738 2338 804 2387 ut
843 2327 904 2388 in
947 2329 1281 2404 exemplum
1308 2327 1656 2409 ,primitiuae
1697 2326 1978 2387 ecclesiae
2013 2328 2210 2387 nullus
2248 2328 2334 2388 ibi

343 2421 510 2483 diues
537 2425 731 2484 nullus
765 2423 919 2487 esset
954 2443 1149 2500 egem,
1190 2424 1468 2486 omnibus
1506 2435 1701 2484 essent
1738 2424 1940 2484 om‘nia
1970 2424 2329 2498 communia,

245 2543 312 2601 25
342 2536 479 2578 cum
533 2519 680 2582 nihil
741 2519 1088 2596 cuiusquam
1156 2539 1285 2581 esse
1353 2519 1651 2581 uideretur
1715 2520 2032 2597 proprium.
2133 2532 2332 2582 tantae

342 2625 541 2675 autem
569 2627 689 2675 erat
718 2614 846 2691 ipsa
870 2615 1234 2691 prudentiae,
1273 2625 1340 2675 ut
1376 2635 1500 2675 non
1538 2617 1729 2675 solum
1756 2615 2084 2676 mediocres
2112 2616 2334 2693 quique

341 2709 404 2769 in
430 2710 874 2771 necessitatibus
902 2710 1038 2786 suiS,
1070 2714 1177 2774 sed
1212 2712 1390 2773 etiarn
1427 2732 1591 2788 reges
1618 2731 1690 2771 ac
1715 2711 2008 2788 principes
2043 2732 2335 2774 nonnum-

344 2821 523 2885 quam
564 2810 643 2869 ab
691 2828 763 2869 ea
805 2821 1150 2885 quaererent
1202 2809 1517 2871 consilium
1563 2821 1624 2870 et
1669 2808 2017 2869 inuenirent.
2100 2819 2332 2870 tantum

341 2905 578 2965 lectioni
620 2905 952 2965 diuinarum
988 2907 1402 2984 scripturarum
1446 2925 1584 2966 suos
1626 2924 1835 2965 uacare
1877 2905 2161 2980 subditOS,
2207 2918 2335 2966 tan-

240 3024 317 3080 30
341 3011 468 3060 tum
520 3001 797 3078 operibus
853 3000 1107 3063 iustitiae
1161 3022 1225 3063 se
1284 3022 1553 3063 exemere
1612 3001 1881 3074 faciebat,
1938 3012 2003 3062 ut
2056 3002 2334 3064 facillime

342 3097 680 3158 uiderentur
719 3098 957 3171 ibidem,
1004 3099 1109 3176 qui
1159 3099 1620 3160 ecclesiasticum
1660 3099 1923 3175 gradum,
1967 3098 2084 3158 hoc
2124 3108 2216 3202 est
2253 3101 2333 3159 al-

342 3194 478 3256 taris
504 3194 781 3268 officium,
810 3207 947 3273 apte
975 3196 1251 3271 subirent,
1280 3196 1516 3274 plurimi
1542 3216 1717 3273 posse
1744 3195 1997 3273 reperiri.

463 3293 741 3370 Denique
769 3313 808 3354 u
846 3314 918 3354 ex
953 3296 1167 3362 eodem
1203 3294 1560 3356 monasterio
1596 3305 1806 3371 postea
1840 3293 2151 3371 episcopos
2185 3292 2333 3355 uidi·
