2567 3750
318 228 424 314 19]
608 249 1018 301 MONASTER
1031 248 1082 298 Y
1111 247 1204 299 [νο
1212 249 1478 299 UNDED
1519 248 1629 298 By
1661 250 1901 300 FURSE
1909 250 2009 300 σε.
2228 248 2309 312 53

311 389 376 439 et
415 379 656 441 solitum
693 379 806 440 sibi
842 397 992 454 opus
1032 378 1478 455 euangelizandi
1519 397 1844 455 exsequens
1881 382 2098 441 multos
2126 392 2186 441 et
2213 401 2307 441 ex-

314 476 518 550 emplo
561 474 789 533 uirtutis
835 485 894 533 et
941 472 1326 532 incitamento
1373 474 1655 533 sermonis
1708 476 1807 533 uel
1853 474 2185 536 incredulos
2227 477 2307 535 ad

313 567 616 629 Christum
655 567 946 629 conuertit
980 569 1080 627 uel
1115 567 1233 627 iam
1268 569 1577 629 credentes
1612 569 1864 647 amplius
1889 570 1952 630 in
1978 573 2096 632 fide
2128 584 2307 649 atque

314 685 516 727 amore
545 663 764 727 Christi
791 663 1180 723 confirmauit.

253 785 286 843 5
434 762 559 824 Vbi
587 763 847 839 quadam
874 760 1204 820 infirmitate
1231 757 1492 837 corporis
1518 770 1779 839 arreptus
1806 762 2073 841 angelica
2096 764 2308 825 meruit

314 855 544 917 uisione
572 853 804 932 perfrui,
835 853 897 913 in
925 873 1042 930 qua
1067 854 1404 914 admonitus
1431 864 1520 914 est
1546 865 1760 931 coepto
1789 855 1953 917 uerbi
1985 857 2307 918 ministerio
2375 843 2382 849 ⁰

316 953 558 1012 sedulus
590 949 856 1010 insistere
884 949 1214 1026 uigiliisque
1249 948 1549 1009 consuetis
1575 961 1634 1009 et
1662 951 2022 1012 orationibus
2058 954 2307 1014 indefes-

316 1067 413 1108 sus
434 1047 797 1118 incumbere,
821 1064 894 1105 eo
917 1045 1078 1121 quod
1100 1056 1292 1105 certus
1320 1045 1431 1105 sibi
1453 1044 1642 1105 exitus
1664 1047 1770 1106 sed
1797 1047 2019 1107 incerta
2043 1051 2306 1109 eiusdem

318 1147 508 1207 exitus
551 1155 707 1205 esset
749 1144 895 1203 hora
927 1145 1138 1217 futura,
1177 1143 1415 1203 dicente
1457 1144 1738 1205 domino:
1783 1150 1799 1178 ‘
1815 1143 2052 1221 uigilate
2087 1146 2305 1222 itaque,

222 1264 291 1303 10
317 1242 461 1319 quia
494 1240 739 1301 nescitis
775 1240 935 1300 diem
972 1259 1166 1316 neque
1202 1241 1446 1299 horam.²
1526 1260 1643 1316 qua
1673 1240 1902 1301 uisione
1934 1245 2307 1302 confirmatus

316 1338 547 1397 curauit
592 1337 792 1396 locum
835 1335 1188 1407 monasterii,
1230 1355 1408 1411 quem
1444 1355 1483 1395 a
1521 1338 1783 1413 praefato
1825 1356 1963 1414 rege
2006 1338 2307 1415 Sigbercto

317 1441 650 1508 acceperat,
694 1430 1061 1490 uelocissime
1109 1442 1448 1491 construere
1494 1450 1566 1490 ac
1611 1431 1968 1508 regularibus
2008 1431 2308 1492 instituere

319 1527 664 1606 disciplinis.
778 1537 900 1586 erat
951 1537 1150 1586 autem
1202 1526 1620 1587 monasterium
1675 1528 1966 1589 siluanum
2022 1540 2081 1589 et
2132 1531 2308 1589 maris

318 1625 625 1685 uicinitate
674 1643 1006 1696 amoenum,
1052 1618 1451 1683 constructum
1497 1622 1559 1682 in
1601 1635 1793 1684 castro
1838 1625 2099 1700 quodam
2147 1629 2310 1702 quod

223 1742 288 1798 15
318 1723 521 1798 lingua
575 1721 907 1796 Anglorum
960 1721 1470 1795 Cnobheresburg,
1527 1719 1589 1780 id
1650 1732 1740 1779 est
1792 1723 1931 1781 urbs
1989 1724 2306 1794 Cnobheri,

321 1826 587 1889 uocatur,
658 1815 824 1891 quod
893 1814 1108 1873 deinde
1170 1833 1278 1872 rex
1352 1813 1689 1891 prouinciae
1765 1814 1919 1875 illius
1995 1818 2173 1876 Anna
2239 1836 2310 1877 ac

321 1913 556 1973 nobiles
606 1911 830 1988 quique
883 1910 1313 1987 augustioribus
1366 1912 1646 1972 aedificiis
1702 1932 1773 1972 ac
1826 1913 2085 1973 donariis
2145 1916 2313 1973 ador-

321 2021 553 2070 narunt.
641 2019 767 2068 erat
808 2019 1004 2069 autem
1051 2007 1141 2068 uir
1185 2007 1297 2068 iste
1352 2010 1429 2069 de
1476 2009 1844 2070 nobilissimo
1890 2028 2104 2087 genere
2152 2012 2314 2070 Scot-

322 2116 536 2177 torum,
596 2105 704 2164 sed
757 2104 936 2181 longe
984 2102 1183 2163 animo
1238 2123 1417 2180 quam
1471 2123 1646 2164 carne
1697 2104 1966 2165 nobilior.
2049 2107 2126 2165 ab
2182 2105 2313 2182 ipso

221 2221 296 2258 20
323 2210 593 2275 tempore
647 2198 931 2275 pueritiae
985 2217 1124 2259 suae
1177 2218 1379 2258 curam
1432 2217 1556 2259 non
1613 2200 1908 2259 modicam
1962 2200 2313 2260 lectionibus

325 2296 506 2358 sacris
562 2295 738 2355 simul
777 2307 837 2354 et
889 2295 1228 2355 monasticis
1282 2294 1595 2355 exhibebat
1643 2295 1964 2371 disciplinis
2017 2307 2095 2368 et,
2151 2297 2315 2371 quod

256 2465 263 2472 .
326 2393 585 2451 maxime
627 2400 862 2450 sanctos
903 2392 1091 2465 decet,
1135 2400 1351 2451 cuncta
1402 2409 1554 2502 quae
1607 2392 1836 2468 agenda
1882 2392 2165 2451 didicerat
2206 2393 2317 2450 sol-

326 2488 523 2549 licitus
552 2505 726 2564 agere
753 2487 1011 2547 curabat.

451 2585 618 2661 Quid
665 2585 849 2643 multa
864 2585 892 2643 ?
956 2584 1313 2661 procedente
1355 2593 1621 2660 tempore
1663 2595 1723 2644 et
1764 2583 1890 2662 ipse
1934 2583 2047 2645 sibi
2088 2601 2318 2644 monas-

222 2705 255 2744 2
262 2702 296 2761 5
327 2680 542 2741 terium
568 2681 633 2740 in
654 2698 780 2755 quo
804 2677 1047 2738 liberius
1083 2678 1431 2739 caelestibus
1469 2679 1675 2740 studiis
1701 2690 1936 2741 uacaret
1961 2682 2316 2753 construxit3

329 2778 434 2839 ubi
477 2787 778 2853 correptus
826 2774 1176 2849 infirmitate,
1230 2775 1381 2835 sicut
1432 2776 1664 2837 libellus
1719 2778 1795 2837 de
1847 2777 1970 2837 uita
2016 2776 2139 2837 eius
2182 2796 2319 2837 con-

332 2874 586 2950 scriptus
628 2872 983 2932 sufficienter
1018 2872 1246 2944 edocet,
1285 2881 1486 2948 raptus
1535 2884 1623 2934 est
1661 2894 1695 2934 e
1732 2893 1977 2951 corpore
2021 2885 2082 2934 et
2115 2891 2156 2933 a
2194 2894 2320 2934 ues-

332 2987 475 3045 pera
520 2985 713 3042 usque
766 2966 844 3025 ad
896 2966 1034 3042 galli
1088 2976 1330 3026 cantum
1371 2986 1616 3043 corpore
1670 2980 1878 3028 exutus
1926 2968 2321 3045 angelicorum

333 3061 640 3141 agminum
668 3070 728 3121 et
755 3072 1027 3137 aspectus
1062 3059 1271 3120 intueri
1302 3070 1362 3120 et
1389 3061 1591 3121 laudes
1617 3063 1819 3122 beatas
1853 3062 2065 3123 meruit
2100 3061 2316 3122 audire.

223 3183 307 3240 30
334 3162 546 3222 referre
574 3169 776 3218 autem
806 3168 928 3217 erat
954 3156 1159 3216 solitus
1188 3158 1349 3233 quod
1377 3168 1578 3232 aperte
1607 3177 1709 3218 eos
1735 3158 1886 3218 inter
1910 3157 2026 3217 alia
2050 3167 2322 3219 resonare

335 3254 601 3315 audiret:
646 3253 848 3313 ‘ibunt
891 3252 1077 3312 sancti
1127 3253 1203 3312 de
1247 3253 1460 3311 uirtute
1503 3251 1563 3311 in
1612 3252 1925 3312 uirtutem!
1976 3264 2035 3312 et
2075 3252 2321 3313 iterum:

340 3355 356 3384 ‘
373 3349 668 3410 uidebitur
708 3350 857 3411 deus
898 3350 1144 3409 deorum
1181 3347 1242 3406 in
1281 3347 1456 3406 Sion.’
1538 3346 1641 3424 qui
1677 3348 1949 3408 reductus
1982 3347 2043 3406 in
2081 3365 2322 3423 corpore

1143 3460 1186 3495 ¹⁷
1217 3461 1420 3511 donaris
1441 3476 1530 3509 ms.
