2567 3750
267 1 328 83 5]
423 17 776 66 DECREES
818 16 912 66 OF
956 17 1100 66 THE
1143 16 1392 65 SYNOD
1440 15 1536 64 OF
1567 14 2033 64 HERUTFORD.
2115 17 2237 74 ¹103

387 147 403 176 ‘
421 143 739 219 Quintum:
795 144 922 201 “Vt
960 143 1153 202 nullus
1194 141 1536 201 clericorum
1573 140 1908 217 relinquens
1943 142 2239 218 proprium

265 238 605 314 episcopum
638 237 852 313 passim
891 236 1153 312 quolibet
1188 237 1486 309 discurrat,
1527 255 1721 311 neque
1749 237 1962 296 alicubi
1999 237 2241 296 ueniens

264 334 488 407 absque
553 330 1056 391 commendaticiis
1124 331 1326 390 litteris
1381 330 1471 390 sui
1528 331 1808 407 praesulis
1876 331 2237 407 suscipiatur.

264 429 425 504 quod
454 428 502 486 si
530 430 712 487 semel
751 438 1051 503 susceptus
1091 428 1343 487 noluerit
1380 428 1654 488 inuitatus
1690 427 1897 501 redire,
1927 440 1987 488 et
2013 449 2244 506 suscep-

205 539 236 597 5
264 535 355 582 tor
382 533 439 581 et
467 522 515 582 is
547 523 649 599 qui
682 534 985 599 susceptus
1014 533 1102 582 est
1128 521 1720 593 excommunicationi
1747 523 2123 585 subiacebit.’'

385 625 400 651 ‘
419 621 693 679 Sextum:
738 622 771 650 ‘⁴
789 621 871 678 Vt
912 618 1175 695 episcopi
1209 630 1387 694 atque
1432 617 1627 677 clerici
1658 618 1946 694 peregrini
1981 617 2244 679 contenti

262 714 378 776 sint
404 714 813 792 hospitalitatis
840 734 1081 774 munere
1102 716 1320 788 oblato,
1344 714 1606 790 nullique
1629 734 1829 774 eorum
1858 715 2031 776 liceat
2058 719 2242 776 ullum

262 810 516 899 officium
557 812 911 870 sacerdotale
949 811 1172 886 absque
1210 810 1497 886 permissu
1531 810 1791 888 episcopi
1823 812 1886 871 in
1917 811 2082 872 cuius
2115 832 2243 888 par-

261 906 463 965 rochia
491 925 615 966 esse
645 907 1016 983 cognoscitur
1041 907 1262 982 agere.''

170 1021 240 1058 ιο
386 1005 400 1032 ‘
422 1001 745 1077 Septimum
770 1023 782 1059 ε
826 1005 862 1033 “
880 1004 963 1060 Vt
989 1001 1078 1061 bis
1106 1001 1167 1059 in
1195 1002 1353 1061 anno
1380 1001 1638 1078 synodus
1666 1011 2066 1078 congregetur.
2136 1004 2242 1061 sed

262 1095 403 1173 quia
455 1097 720 1156 diuersae
765 1117 975 1157 causae
1025 1097 1351 1174 inpediunt,
1397 1097 1616 1174 placuit
1659 1099 1931 1157 omnibus
1975 1096 2036 1157 in
2086 1119 2243 1158 com-

263 1210 460 1264 mune,
499 1202 564 1250 ut
603 1191 869 1252 kalendis
910 1193 1190 1270 Augustis
1239 1192 1301 1251 in
1345 1194 1479 1251 loco
1517 1190 1619 1268 qui
1660 1194 1988 1270 appellatur
2024 1196 2244 1255 Clofes-

264 1286 421 1344 hoch
449 1287 630 1345 semel
658 1286 719 1344 in
746 1306 903 1346 anno
932 1287 1404 1363 congregemur.'’

386 1386 402 1414 ‘
424 1384 758 1443 Octauum:
801 1387 833 1415 “
852 1384 933 1441 Vt
972 1384 1164 1441 nullus
1202 1382 1613 1458 episcoporum
1650 1403 1714 1443 se
1754 1384 2040 1460 praeferat
2076 1384 2244 1443 alteri

169 1499 234 1557 15
263 1496 370 1552 per
406 1477 807 1550 ambitionem,
851 1478 955 1537 sed
997 1497 1203 1537 omnes
1247 1488 1570 1554 agnoscant
1613 1489 1843 1555 tempus
1882 1489 1940 1537 et
1974 1478 2240 1538 ordinem

263 1573 729 1649 congregationis
758 1575 952 1633 suae.''

386 1674 401 1702 ‘
421 1673 478 1729 N
483 1691 665 1730 onum
713 1671 1035 1748 capitulum
1082 1669 1143 1731 in
1186 1690 1501 1732 commune
1550 1682 1857 1731 tractatum
1913 1682 2036 1732 est:
2107 1674 2243 1731 “Vt

262 1767 458 1842 plures
486 1765 746 1843 episcopi
777 1778 1078 1826 crescente
1112 1786 1359 1826 numero
1386 1766 1647 1826 fidelium
1675 1778 2020 1844 augerentur
2036 1766 2093 1839 3''
2137 1766 2243 1825 sed

263 1865 339 1924 de
367 1864 481 1922 hac
506 1883 567 1923 re
594 1863 670 1922 ad
698 1884 972 1939 praesens
1002 1862 1284 1925 siluimus‘

165 1986 238 2025 20
387 1965 402 1993 ‘
425 1959 738 2019 Decimum
787 1960 1107 2036 capitulum
1149 1979 1257 2036 pro
1307 1958 1626 2036 coniugiis:
1689 1963 1726 1992 “
1747 1962 1830 2020 Vt
1877 1958 2022 2018 nulli
2070 1959 2244 2019 liceat

263 2055 376 2116 nisi
423 2056 746 2133 legitimum
792 2058 1005 2116 habere
1054 2055 1388 2115 conubium.
1472 2057 1665 2115 nullus
1712 2054 2001 2115 incestum
2048 2055 2238 2125 faciat,

263 2155 456 2212 nullus
511 2152 824 2229 coniugem
876 2151 1186 2229 propriam,
1248 2150 1361 2210 nisi
1415 2160 1480 2210 ut
1536 2162 1802 2210 sanctum
1870 2149 2239 2226 euangelium

262 2250 440 2309 docet
492 2248 889 2309 fornicationis
942 2268 1134 2321 causa,
1190 2247 1497 2323 relinquat.
1608 2248 1771 2322 quod
1826 2246 1875 2306 si
1929 2246 2238 2321 quisquam

261 2346 555 2423 propriam
583 2345 864 2422 expulerit
900 2344 1212 2419 coniugem
1244 2342 1509 2419 legitimo
1548 2340 1658 2401 sibi
1695 2340 2067 2400 matrimonio
2104 2360 2241 2400 con-

164 2465 193 2502 2
200 2463 230 2520 5
261 2441 539 2514 iunctam,
597 2440 646 2500 si
700 2440 1062 2501 Chn'stianus
1120 2458 1247 2498 esse
1304 2448 1464 2497 recte
1523 2436 1789 2509 uoluerit,
1866 2436 2012 2495 nulli
2079 2436 2242 2495 alteri

262 2540 568 2614 copuletur
580 2559 600 2612 ;
674 2538 783 2597 sed
833 2535 917 2596 ita
968 2545 1309 2612 permaneat
1360 2545 1464 2596 aut
1516 2533 1785 2611 propriae
1837 2532 2241 2596 reconcilietur

261 2631 551 2710 coniugi.''

385 2733 401 2762 ‘
420 2728 536 2788 His
574 2728 771 2805 itaque
809 2724 1076 2804 capitulis
1113 2722 1176 2785 in
1212 2743 1528 2785 commune
1564 2721 1821 2785 tractatis
1861 2743 1933 2783 ac
1971 2724 2241 2797 definitis,

259 2835 324 2883 ut
358 2825 585 2882 nullum
622 2824 899 2899 deinceps
938 2824 1016 2882 ab
1052 2819 1250 2896 aliquo
1288 2832 1550 2881 nostrum
1589 2819 1805 2880 oriatur
1848 2818 2243 2878 contentionis

157 2937 233 2992 30
262 2918 603 2976 scandalum
630 2930 730 2979 aut
758 2917 871 2978 alia
895 2937 1003 2995 pro
1032 2916 1159 2977 aliis
1198 2915 1650 2992 diuulgarentur,
1690 2913 1912 2991 placuit
1949 2924 2030 2984 ut,
2071 2933 2244 2989 quae-
