2567 3750
288 60 399 134 156
485 71 891 123 cUDBERCT
921 70 1115 120 FORE
1123 71 1353 120 TELLS
1388 71 1519 119 HIS
1561 70 1740 120 OWN
1770 70 1927 120 DEA
1940 70 2054 119 ΤΗ.
2135 50 2253 133 [IV

418 263 684 322 VOBVS
738 272 936 322 autem
989 259 1158 322 annis
1212 260 1273 320 in
1327 261 1670 338 episcopatu
1722 261 1972 338 peractis
2024 261 2256 338 repetiit

459 355 710 416 insulam
773 375 846 416 ac
909 355 1325 416 monasterium
1394 375 1582 428 suum,
1651 355 1854 416 diuino
1920 355 2255 415 admonitus

281 451 519 510 oraculo
567 450 704 527 quia
750 451 877 512 dies
921 451 1032 510 sibi
1074 450 1278 510 mortis
1324 452 1421 510 uel
1463 449 1619 510 uitae
1666 450 1851 527 magis
1883 449 2053 522 illius,
2103 470 2255 527 quae

283 548 409 606 sola
433 546 555 606 uita
594 546 846 607 dicenda
887 558 990 620 est,
1020 548 1138 606 iam
1178 546 1552 624 adpropiaret
1587 546 1894 608 introitus:
1943 547 2093 607 sicut
2132 547 2256 624 ipse

283 652 520 717 quoque
553 651 817 717 tempore
857 642 1069 701 eodem
1105 642 1422 723 nonnullis,
1457 643 1563 704 sed
1599 642 1792 702 uerbis
1829 642 2257 703 obscurioribus

284 746 435 812 quae·
463 748 661 797 tamen
686 739 1066 815 postmodum
1095 738 1400 798 manifeste
1434 739 1919 815 intellegerentur,
1951 738 2121 799 solita
2147 738 2258 799 sibi

285 829 654 905 simplicitate
698 831 1014 907 pandebat,
1035 832 1416 908 quibusdam
1461 843 1659 894 autem
1711 834 1827 894 hoc
1878 831 2039 895 idem
2083 833 2258 894 etiam

286 923 590 984 manifeste
617 926 933 985 reuelabat.

1142 1106 1410 1190 [XXIX]

301 1256 593 1380 ERAT
637 1256 796 1316 enim
839 1257 1139 1334 presbyter
1183 1256 1342 1316 uitae
1385 1256 1737 1317 uenerabilis
1791 1256 2031 1318 nomine
2076 1259 2261 1318 Here.

463 1350 645 1423 beret,
689 1349 1033 1409 iamdudum
1063 1350 1192 1410 uiro
1234 1350 1332 1410 dei
1372 1350 1640 1428 spiritalis
1686 1350 1977 1412 amicitiae
2024 1353 2260 1412 foedere

287 1445 591 1521 copulatus
646 1444 764 1522 qui,
821 1444 884 1503 in
936 1444 1127 1504 insula
1179 1445 1371 1522 stagni
1425 1444 1578 1505 illius
1629 1446 1967 1523 pergrandis
2022 1448 2097 1506 de
2140 1465 2260 1522 quo

291 1540 745 1601 Deruuentionis
774 1541 913 1601 fluui
954 1540 1273 1618 primordia
1309 1553 1621 1618 erumpunt
1656 1542 1837 1602 uitam
1876 1543 2097 1602 ducens
2133 1541 2263 1602 soli-

289 1631 510 1706 tariam,
539 1632 707 1692 annis
735 1632 972 1710 singulis
1001 1654 1136 1694 eum
1162 1633 1397 1694 uisitare
1416 1645 1474 1695 et
1501 1634 1726 1695 monita
1752 1635 1828 1694 ab
1856 1655 1929 1695 eo
1946 1646 2261 1712 perpetuae

288 1730 490 1808 salutis
529 1730 730 1790 audire
778 1732 1019 1791 solebat.
1101 1730 1201 1790 hic
1240 1751 1378 1791 cum
1413 1731 1639 1792 audiret
1671 1750 1804 1791 eum
1852 1733 1929 1791 ad
1965 1731 2260 1791 ciuitatem

271 1828 673 1905 Lugubaliam
722 1829 1048 1903 deuenisse,
1090 1828 1254 1890 uenit
1302 1848 1378 1890 ex
1423 1849 1604 1903 more,
1642 1828 1886 1907 cupiens
1922 1829 2263 1890 salutaribus

287 1921 413 1981 eius
449 1923 954 1984 exhortationibus
987 1925 1064 1984 ad
1107 1944 1363 2000 superna
1410 1924 1700 1985 desideria
1745 1925 1929 2001 magis
1962 1925 2264 2002 magisque

287 2019 550 2080 accendi.
636 2020 738 2096 qui
785 2021 927 2080 dum
972 2040 1101 2082 sese
1146 2024 1482 2082 alterutrum
1525 2021 1792 2082 caelestis
1838 2022 1993 2082 uitae
2038 2023 2264 2099 poculis

287 2114 637 2188 debriarent,
669 2115 816 2175 dixit
847 2115 1000 2175 inter
1032 2115 1147 2176 alia
1185 2116 1468 2177 antistes:
1518 2121 1534 2149 ‘
1551 2126 1867 2184 memento,
1894 2119 2069 2177 frater
2096 2116 2265 2176 Heri-

287 2211 467 2285 berct,
497 2223 564 2272 ut
589 2214 771 2272 modo
811 2212 1096 2289 quicquid
1133 2233 1282 2290 opus
1309 2215 1493 2274 habes
1530 2233 1626 2274 me
1662 2212 1980 2291 interroges
2013 2233 2263 2273 mecum-

287 2325 403 2383 que
428 2308 720 2383 loquaris:
759 2319 1075 2385 postquam
1102 2309 1261 2369 enim
1289 2311 1365 2369 ab
1402 2309 1659 2371 inuicem
1693 2309 1934 2387 digressi
1969 2309 2262 2382 fuerimus,

287 2418 409 2459 non
437 2402 587 2460 ultra
613 2420 724 2461 nos
750 2400 811 2460 in
839 2402 956 2461 hoc
989 2404 1226 2463 saeculo
1260 2403 1451 2463 carnis
1484 2402 1785 2463 obtutibus
1825 2403 2079 2462 inuicem
2115 2402 2264 2478 aspi-

287 2495 523 2556 ciemus,
585 2507 779 2557 certus
808 2516 937 2557 sum
964 2516 1221 2575 namque
1249 2500 1416 2575 quod
1442 2510 1674 2576 tempus
1701 2518 1869 2559 meae
1896 2497 2265 2558 resolutionis

286 2592 463 2652 instat
515 2604 576 2654 et
621 2596 796 2654 uelox
850 2605 940 2655 est
987 2594 1281 2671 depositio
1332 2594 1692 2655 tabernaculi
1737 2594 1888 2654 mei.'
1971 2593 2072 2670 qui
2117 2595 2266 2654 haec

284 2690 530 2749 audiens
576 2691 918 2766 prouolutus
966 2701 1056 2751 est
1104 2690 1228 2751 eius
1271 2690 1532 2768 uestigiis
1579 2701 1640 2751 et
1681 2689 1824 2750 fusis
1865 2709 2001 2749 cum
2043 2689 2265 2767 gemitu

284 2784 535 2847 lacrimis
566 2791 581 2819 ‘
602 2787 846 2847 obsecro
863 2789 878 2818 '
906 2786 1099 2863 inquit
1126 2791 1142 2819 ‘
1161 2807 1266 2864 per
1304 2786 1610 2847 dominum
1649 2806 1728 2847 ne
1754 2806 1850 2847 me
1880 2788 2129 2858 deseraS,
2158 2787 2267 2847 sed

280 2881 371 2942 tui
398 2902 627 2942 memor
652 2883 729 2943 sis
755 2883 1023 2943 fidissimi
1059 2884 1278 2943 sodalis
1312 2902 1602 2961 rogesque
1638 2902 1951 2960 supernam
1985 2881 2265 2959 pietatem

283 2987 368 3048 ut,
397 2976 494 3034 cui
520 2975 691 3034 simul
718 2976 781 3035 in
809 2977 973 3037 terris
1000 2975 1366 3050 semiuimus‚
1397 2979 1474 3038 ad
1508 2976 1635 3037 eius
1675 2976 1995 3037 uidendam
2023 2974 2266 3052 gratiam

285 3068 456 3127 simul
497 3080 858 3130 transeamus
904 3072 983 3130 ad
1030 3074 1245 3132 caelos.
1329 3072 1490 3132 nosti
1528 3071 1685 3132 enim
1720 3071 1860 3148 quia
1905 3072 1983 3130 ad
2024 3069 2109 3129 tui
2148 3068 2265 3129 oris

2293 1277 2366 1315 10

2295 2230 2370 2268 20

285 3161 593 3237 imperium
629 3182 860 3240 semper
893 3165 1093 3226 uiuere
1135 3167 1333 3227 studui
1371 3178 1448 3241 et,
1478 3166 1760 3245 quicquid
1799 3164 2126 3242 ignorantia
2164 3164 2263 3222 uel
2292 3182 2369 3240 30

476 3271 495 3303 ¹
528 3275 710 3324 duobus
729 3276 903 3342 incipit
924 3293 953 3327 c
974 3279 1204 3327 XXVII
1215 3294 1307 3329 ms.
1571 3274 1616 3310 ⁸⁰
1645 3278 1836 3327 studiui
1859 3293 1919 3342 pr
1940 3292 2072 3328 man.
