2567 3750
286 190 405 243 400
939 191 1098 240 DEA
1111 190 1218 239 ΤΗ
1246 190 1343 239 OF
1363 190 1590 239 BEDA.
2056 172 2288 256 [msu-

385 316 426 365 P
448 314 556 374 1¹76
590 313 623 365 6
674 333 733 366 ac
773 321 1005 383 mag-istm
1077 335 1136 369 ac
1183 327 1353 370 nostro
1385 323 1618 383 magistro
1654 321 1720 370 02
1744 320 1808 371 07
1843 292 1982 386 patre
2018 329 2187 372 nostro
2220 338 2288 373 ac

287 397 521 460 magistro
538 398 621 447 C1.
640 465 648 476 ι

416 515 451 538 ,,
526 492 554 542 7
588 482 745 543 magis
777 497 860 531 om
884 482 965 532 C¹.

415 596 453 620 ‚‚
522 564 553 610 8
585 564 990 626 quam...ingenio
1042 570 1280 627 quantum
1303 563 1437 613 fruor
1457 564 1656 628 ingenio
1679 565 1744 614 0ι
1771 564 1837 651 02
1864 565 1947 614 07.

418 673 453 698 ,,
524 653 555 703 9
587 656 620 688 a
652 656 682 690 e
704 640 767 690 (2¹
794 642 858 691 02
882 642 958 691 07.
1030 644 1314 691 desiderasse
1341 644 1616 703 desiderare
1640 644 1722 693 C1.
2363 662 2398 720 5

418 755 455 778 ,‚
530 735 590 770 10
608 723 869 784 poposcisse
927 738 1196 786 poposcere
1220 724 1283 771 07
1348 739 1551 786 poscere
1575 724 1653 772 C1.

440 834 453 857 ,
524 834 559 857 ,‚
632 800 1131 863 infirmitate...dolore
1191 802 1474 853 infirmitate
1507 804 1736 863 maxima,
1779 803 2059 854 creberrimi
2094 805 2290 856 haneli-

292 885 369 926 tus
391 881 495 927 sine
517 880 688 928 dolore
708 888 881 930 tamen.
899 881 963 930 02-
986 881 1051 930 02
1076 882 1156 931 07.

419 995 457 1018 ,,
533 974 588 1009 12
654 968 813 1011 autem
869 979 951 1011 om
977 962 1040 1011 C¹
1067 963 1132 1012 02
1155 963 1235 1013 07.

533 1076 567 1100 ,,
638 1042 697 1089 id
711 1048 779 1090 est
808 1059 890 1092 om
915 1043 996 1092 C1.
2032 1086 2041 1097 .
2328 1061 2400 1098 10

421 1157 456 1180 „
533 1138 591 1182 14
655 1124 794 1171 omni
823 1124 1055 1188 omnique
1079 1125 1159 1174 C⁷.

422 1238 457 1261 ‚,
534 1215 589 1261 15
656 1214 738 1251 vu
761 1204 820 1250 id
836 1209 946 1252 mai‘
1000 1205 1069 1253 vii
1092 1205 1177 1254 kal
1198 1205 1320 1255 iunii
1344 1206 1411 1256 02
1435 1207 1500 1256 07
1565 1208 1777 1273 septimo
1800 1208 1869 1258 kl.
1899 1209 2019 1258 iunii
2043 1210 2128 1258 C1.

422 1317 458 1340 „
535 1280 594 1330 16
655 1288 699 1330 et
728 1290 840 1345 post
862 1299 983 1347 quas
1008 1284 1085 1334 C¹.

423 1397 457 1419 ‚‚
535 1374 591 1423 17
642 1362 757 1424 suit
788 1372 890 1412 erat
913 1363 978 1412 C¹
1003 1364 1067 1413 02
1092 1364 1172 1413 07.

423 1477 458 1501 ,,
542 1478 577 1501 ,,
639 1444 947 1507 psalmorum
968 1452 1118 1493 cantu
1150 1445 1427 1509 psalmodia
1452 1447 1531 1498 C¹.
2329 1462 2397 1519 15

423 1561 457 1584 „
544 1561 579 1584 ,‚
638 1533 798 1590 prout
803 1528 969 1590 potuit
985 1543 1034 1575 se
1063 1543 1147 1577 om
1171 1528 1234 1578 0ι
1260 1528 1325 1577 02
1350 1529 1428 1577 07.

424 1640 459 1662 ,,
536 1606 592 1652 18
657 1605 778 1653 letus
798 1606 855 1654 in
875 1606 1177 1654 oracionibus
1229 1606 1281 1655 in
1303 1606 1461 1656 letitia
1483 1607 1547 1657 0ι
1573 1608 1638 1657 02
1663 1608 1740 1658 07.

422 1719 457 1742 ,,
535 1699 594 1746 ¹9
656 1686 737 1733 deo
756 1687 922 1735 ducem
938 1688 1154 1736 studebat
1182 1689 1389 1753 peruigil
1412 1690 1621 1739 ducebat
1644 1690 1708 1739 0ι
1732 1690 1904 1739 0207.

423 1800 459 1823 ,,
532 1781 721 1827 20-—24
773 1768 1008 1832 itemque..
1019 1768 1209 1831 ,referre
1301 1770 1539 1833 euigilans
1595 1778 1760 1820 autem
1821 1771 1987 1820 statim
2049 1779 2291 1820 consueta

296 1846 512 1910 [incepta
536 1847 577 1896 C
584 1847 621 1908 ¹]
645 1849 872 1913 repetiuit
894 1858 943 1900 et
964 1852 1190 1918 expansis
1221 1853 1450 1903 manibus
1476 1853 1573 1906 deo
1602 1853 1793 1918 gracias
1824 1869 1969 1919 agere
2008 1868 2110 1903 non
2136 1834 2289 1904 ‘desiit
2323 1868 2398 1907 20

298 1926 526 1987 [cessauit
550 1928 614 1977 0ι
617 1928 638 1989 ]
663 1929 726 1978 C¹
751 1930 920 1979 0207.

424 2051 461 2073 ,,
540 2029 600 2075 25
665 2018 824 2061 autem
851 2029 933 2061 om
958 2014 1023 2063 C¹
1049 2014 1113 2063 02
1137 2014 1217 2064 07.

544 2133 579 2156 ,,
649 2098 808 2145 sancti
868 2098 1001 2146 beati
1025 2098 1089 2147 0ι
1115 2098 1283 2148 0207.

544 2213 579 2237 ,,
650 2178 849 2227 dicentis
911 2194 995 2226 om
1019 2178 1080 2227 C¹
1108 2179 1273 2228 0207.

393 2259 640 2323 Compare
669 2259 753 2309 the
782 2258 876 2307 last
907 2258 1056 2307 hours
1086 2258 1143 2306 of
1166 2258 1318 2307 Boisil
1353 2258 1476 2318 (uita
1508 2258 1675 2308 Cuthb
1708 2261 1787 2318 8):
1829 2260 2069 2308 Cuthbert
2102 2260 2290 2324 having
2322 2275 2351 2312 2
2359 2273 2390 2330 5

297 2340 557 2390 recovered
579 2340 705 2388 from
728 2338 812 2387 the
838 2337 1032 2401 plague‚
1062 2338 1216 2388 Boisil
1246 2339 1444 2388 assured
1473 2338 1577 2386 him
1608 2339 1715 2387 that
1744 2339 1808 2389 he
1829 2339 1994 2387 would
2023 2346 2112 2387 not
2142 2339 2292 2402 again

297 2422 361 2469 be
389 2420 556 2470 struck
583 2421 652 2483 by
680 2420 746 2469 it:
781 2420 1041 2483 ‘simulque
1065 2436 1227 2469 moneo
1254 2426 1323 2480 ut,
1351 2421 1467 2481 quia
1496 2436 1573 2468 me
1597 2436 1728 2468 mors
1754 2420 1921 2468 uicina
1938 2420 2283 2482 praestolatur,

297 2500 526 2550 discere
558 2516 590 2549 a
621 2515 709 2548 me
742 2498 971 2563 aliquid
1009 2500 1292 2563 quamdiu
1335 2500 1549 2548 docere
1591 2500 1823 2548 ualeam
1864 2515 1983 2549 non
2024 2499 2283 2549 omittas.

298 2597 397 2630 non
430 2582 557 2630 enim
580 2580 703 2644 plus
732 2596 881 2644 quam
917 2588 1083 2644 septem
1119 2582 1217 2629 dies
1251 2587 1382 2639 sunt,
1421 2580 1634 2643 quibus
1670 2580 1814 2628 mihi
1852 2580 1924 2629 ad
1959 2579 2288 2629 docendum

298 2663 523 2711 sanitas
566 2662 837 2726 corporis
880 2669 937 2711 et
979 2662 1217 2725 linguae
1262 2668 1538 2725 suppetat
1582 2659 1808 2710 uirtus.'
1872 2660 2114 2724 respondit
2159 2661 2289 2710 Cud·
2318 2680 2395 2734 30

297 2744 479 2791 berctus
515 2743 650 2790 nihil
675 2743 918 2790 haesitans
946 2742 1005 2790 de
1031 2739 1232 2790 ueritate
1261 2742 1498 2790 dictorum
1530 2741 1691 2789 illius.-
1742 2741 1809 2788 ‘et
1835 2741 1967 2803 quid,
2005 2756 2131 2802 rogo,
2169 2741 2291 2803 opti·

299 2838 436 2871 mum
470 2823 598 2872 mihi
624 2828 691 2871 est
718 2823 876 2885 legere,
898 2823 1029 2886 quod
1051 2829 1212 2871 tamen
1244 2838 1350 2871 una
1381 2824 1573 2871 ualeam
1603 2837 1939 2871 consummare
1966 2823 2233 2884 septimana
2243 2821 2269 2871 ?
2275 2821 2289 2843 '

298 2909 354 2951 at
388 2903 471 2952 ille
507 2902 896 2952 ‘Iohannem'
934 2904 1099 2967 inquit
1133 2904 1613 2966 ‘euangelistam.
1678 2910 1745 2956 est
1783 2910 1943 2951 autem
1988 2902 2118 2950 mila·
2149 2903 2292 2952 codex

298 2983 477 3032 habens
490 2985 826 3048 quaterniones
838 2990 1020 3048 septem,
1036 3000 1158 3047 quas
1177 2984 1387 3048 singulis
1406 2983 1568 3033 diebus
1586 2984 1810 3047 singulas
1819 2990 2079 3047 possumus
2096 2984 2291 3034 domino

297 3065 568 3114 adiuuante
595 3065 786 3128 legendo
814 3071 860 3113 et
887 3071 1127 3128 quantum
1157 3071 1277 3127 opus
1305 3070 1373 3113 est
1401 3065 1532 3113 inter
1560 3080 1649 3113 nos
1676 3066 1955 3128 conferendo
1972 3065 2289 3128 percurrera’
2316 3076 2352 3131 3
2362 3074 2392 3133 5

286 3145 483 3208 sactum
504 3151 573 3193 est
589 3151 648 3193 ut
670 3146 878 3194 dixerat.
941 3161 1092 3210 quam
1124 3146 1225 3195 ideo
1254 3146 1495 3194 lectionem
1526 3151 1630 3195 tam
1659 3146 1882 3195 citissime
1907 3146 2135 3210 complere
2162 3147 2290 3194 uale-

301 3223 432 3283 bant,
472 3226 590 3287 quia
619 3227 772 3276 solam
803 3227 861 3275 in
897 3242 952 3274 ea
971 3226 1099 3289 fidei
1131 3242 1256 3289 quae
1277 3234 1375 3290 per
1400 3227 1689 3275 dilectionem
1721 3234 1962 3290 operatur,
1999 3243 2099 3276 non
2130 3233 2290 3276 autem

300 3304 630 3365 quaestionum
659 3304 914 3368 profunda
956 3306 1245 3355 tractabant.
1320 3307 1390 3356 So
1435 3306 1638 3356 Charles
1680 3307 1767 3356 the
1811 3308 1964 3357 Great
2008 3307 2291 3370 (Theganus

303 3382 407 3430 uita
437 3383 680 3434 Ludouici
712 3386 766 3433 in
798 3386 970 3448 Migne
1001 3397 1094 3434 CVI
1128 3392 1245 3449 409⁶
1276 3387 1414 3449 410⁸)
1448 3394 1593 3451 spent
1624 3388 1710 3437 the
1741 3387 1837 3438 last
1867 3404 1986 3453 year
2013 3387 2074 3438 of
2095 3388 2174 3437 his
2204 3387 2289 3437 lise

305 3462 356 3506 in
386 3476 561 3525 prayer
590 3465 689 3513 and
722 3464 1014 3529 almsgiving
1044 3466 1143 3515 and
1175 3467 1228 3516 in
1260 3467 1347 3517 the
1378 3467 1645 3518 correction
1677 3468 1736 3517 of
1768 3469 1941 3529 books,
1979 3482 2033 3517 as
2065 3467 2149 3516 the
2178 3466 2288 3516 four
2314 3472 2395 3523 40
