2567 3750
288 196 349 278 7]
391 197 399 207 '
433 215 631 264 KJNG
679 215 1114 266 commite-H
1146 215 1313 262 Am>
1353 214 1625 262 BJSHOP
1659 211 2097 261 AGJLBERCT.
2188 214 2221 269 3
2234 214 2257 252 1

267 339 395 417 „sibi
421 339 656 417 accepit
683 340 746 399 in
773 339 975 398 filium.
1045 340 1420 399 donauerunt
1446 350 1645 398 autem
1672 340 1850 398 ambo
1877 357 2043 413 reges
2071 336 2265 396 eidem

284 437 569 514 episcopo
597 437 902 497 ciuitatem
938 455 1089 512 quae
1126 447 1375 495 uocatur
1403 434 1623 494 Dorcic
1648 435 1726 493 ad
1759 434 2093 494 faciendum
2122 433 2267 493 inibi

282 534 485 591 sedem
519 532 937 608 episcopalem,
978 530 1082 590 ubi
1117 531 1288 591 factis
1325 531 1730 605 dedicatisque
1758 529 2019 588 ecclesiis
2048 529 2269 587 multis-

282 646 396 702 que
423 629 502 686 ad
532 628 844 687 dominum
871 626 973 702 pio
1002 626 1127 685 eius
1158 628 1362 686 labore
1394 626 1629 701 populis
1664 624 1970 684 aduocatis
1998 623 2269 700 migrauit

221 738 253 797 5
280 724 357 782 ad
412 725 722 783 dominum
779 727 1157 800 sepultusque
1213 734 1304 782 est
1356 722 1419 782 in
1476 723 1686 782 eadem
1740 722 1976 781 ciuitate
2025 733 2085 781 et
2131 733 2268 798 post

279 838 470 878 annos
515 821 736 878 multos
782 821 1040 879 Haedde
1086 818 1489 895 episcopatum
1526 830 1740 894 agente
1778 820 2091 878 translatus
2126 819 2267 879 inde

277 912 341 970 in
382 915 646 972 Ventam
689 913 989 972 ciuitatem
1031 924 1209 989 atque
1249 913 1313 972 in
1369 913 1618 973 ecclesia
1670 916 1976 974 beatorum
2031 924 2267 990 aposto-

277 1012 470 1070 lorum
502 1010 662 1070 Petri
691 1023 749 1070 et
779 1010 949 1069 Pauli
976 1010 1201 1086 positus
1229 1021 1331 1070 est.

400 1109 706 1166 Defuncto
745 1118 944 1166 autern
978 1118 1037 1166 et
1072 1127 1209 1183 rege
1252 1108 1533 1171 successit
1569 1107 1632 1166 in
1668 1126 1913 1183 regnum
1951 1107 2103 1166 filius
2142 1107 2267 1167 eius

186 1221 253 1257 10
280 1199 632 1272 Coinualch,
705 1200 807 1276 qui
867 1187 932 1260 et¹
979 1202 1160 1260 fidem
1213 1221 1285 1260 ac
1342 1214 1707 1261 sacramenta
1774 1202 1935 1277 regni
1997 1202 2267 1267 caelestis

281 1298 582 1373 suscipere
629 1297 863 1357 rennuit
906 1307 966 1357 et
1006 1317 1128 1356 non
1164 1300 1352 1357 multo
1384 1310 1526 1374 post
1562 1299 1738 1357 etiam
1776 1297 1941 1373 regni
1982 1298 2264 1357 terrestris

276 1395 611 1469 potentiam
654 1394 925 1470 perdidit.
1032 1395 1341 1470 repudiata
1385 1396 1544 1454 enim
1590 1415 1788 1472 sorore
1827 1396 2070 1454 Pendan
2115 1395 2266 1470 regis

277 1490 643 1548 Merciorum
688 1508 867 1564 quam
903 1490 1163 1560 duxerat,
1210 1490 1388 1548 aliam
1432 1490 1662 1565 accepit
1708 1509 1970 1561 uxorem,
2009 1490 2267 1564 ideoque

277 1587 437 1645 bello
482 1584 699 1661 petitus
746 1605 818 1644 ac
871 1605 1052 1661 regno
1099 1585 1361 1661 priuatus
1407 1588 1483 1645 ab
1527 1587 1629 1646 illo
1674 1587 1914 1646 secessit
1948 1588 2027 1646 ad
2063 1606 2262 1663 regem

183 1704 244 1761 15
277 1686 668 1746 Orientalium
705 1685 1031 1759 Anglorum
1069 1684 1162 1742 cui
1199 1704 1421 1743 nomen
1466 1695 1589 1743 erat
1629 1686 1808 1742 Anna
1825 1707 1842 1758 3
1889 1684 2048 1760 apud
2086 1702 2262 1759 quem

274 1782 530 1843 triennio
565 1782 804 1840 exulans
838 1781 1018 1840 fidem
1055 1781 1337 1856 cognouit
1370 1800 1440 1839 ac
1468 1780 1727 1856 suscepit
1762 1781 2039 1839 ueritatiS.
2123 1800 2264 1838 narn

274 1888 332 1936 et
373 1878 504 1952 ipse
544 1878 705 1952 apud
760 1895 937 1951 quem
985 1879 1256 1936 exulabat
1297 1896 1401 1935 rex
1443 1866 1565 1959 erat
1605 1876 1694 1935 uir
1746 1878 1940 1935 bonus
1989 1887 2049 1935 et
2101 1877 2265 1935 bona

273 1993 343 2033 ac
371 1986 579 2045 sancta
607 1974 814 2032 sobole
842 1973 996 2044 felix,
1029 1983 1096 2031 ut
1122 1972 1185 2031 in
1212 1973 1597 2048 sequentibus
1626 1972 1992 2031 docebimus.

395 2071 554 2129 Cum
595 2087 739 2128 uero
771 2068 1072 2127 restitutus
1117 2078 1272 2127 esset
1316 2068 1378 2126 in
1419 2087 1665 2143 regnum
1709 2066 2056 2138 Coinualch,
2095 2066 2262 2125 uenit

178 2190 245 2227 20
272 2165 331 2223 in
367 2164 737 2241 prouinciam
774 2165 850 2223 de
894 2163 1187 2223 Hibernia
1228 2163 1494 2240 pontifex
1535 2162 1776 2239 quidam
1816 2162 2060 2221 nomine
2101 2162 2261 2238 Agil-

270 2262 524 2333 berctuS‚
556 2260 795 2319 natione
834 2261 1073 2334 quidem
1103 2262 1308 2319 Gallus
1346 2260 1450 2318 sed
1489 2270 1633 2318 tunc
1668 2261 2046 2335 legendarum
2073 2260 2261 2335 gratia

270 2357 688 2434 scripturarum
730 2357 792 2415 in
840 2356 1133 2417 Hibernia
1183 2378 1307 2417 non
1362 2377 1546 2433 paruo
1591 2368 1856 2433 tempore
1903 2358 2254 2428 demoratuS,

270 2453 696 2528 coniunxitque
744 2471 810 2512 se
856 2452 979 2528 regi
1023 2464 1236 2527 sponte
1281 2452 1668 2511 ministerium
1725 2451 2105 2527 praedicandi
2158 2454 2257 2511 ad-

270 2569 528 2616 sumens,
610 2548 774 2608 cuius
827 2548 1220 2609 eruditionem
1262 2560 1450 2624 ‚atque
1505 2548 1850 2607 industriam
1902 2547 2112 2607 uidens
2153 2567 2256 2607 rex

174 2666 202 2703 2
210 2666 239 2722 5
267 2645 499 2723 rogauit
527 2664 668 2705 eum
703 2656 948 2721 accepta
984 2644 1068 2704 ibi
1105 2645 1247 2705 sede
1284 2644 1605 2721 episcopali
1642 2665 1783 2705 suae
1819 2644 1981 2722 genti
2016 2665 2255 2705 manere

266 2743 628 2819 pontificem.
715 2741 818 2818 qui
844 2742 1116 2817 precibus
1154 2741 1280 2801 eius
1318 2742 1603 2813 adnuenS,
1636 2740 1835 2800 multis
1862 2740 2030 2800 annis
2058 2729 2253 2801 eidem

264 2838 427 2913 genti
471 2836 823 2897 sacerdotali
866 2836 989 2895 iure
1031 2837 1299 2913 praefuit.
1385 2838 1627 2896 tandem
1672 2856 1772 2896 rex
1813 2835 1912 2911 qui
1956 2838 2249 2896 Saxonum

264 2945 498 2993 tantum
525 2934 787 3009 linguam
816 2944 1062 2992 nouerat
1088 2944 1391 3009 pertaesus
1418 2935 1701 2994 barbarae
1730 2934 2023 3009 loquellae
2059 2935 2253 2994 subin—

263 3029 523 3089 troduxit
563 3028 625 3087 in
666 3013 1035 3104 prouinciam
1076 3028 1257 3087 alium
1300 3048 1439 3087 suae
1493 3027 1727 3103 linguae
1768 3026 2111 3103 episcopum
2152 3047 2254 3088 uo-

170 3151 239 3207 30
264 3127 476 3184 cabulo
503 3123 649 3183 Vini
691 3134 750 3183 et
791 3122 984 3200 ipsum
1026 3123 1088 3182 in
1126 3123 1319 3183 Gallia
1353 3122 1687 3183 ordinatum
1705 3144 1723 3195 3
1764 3122 2152 3198 diuidensque
2188 3123 2250 3182 in

263 3222 408 3280 duas
447 3218 788 3296 parrochias
827 3217 1213 3293 prouinciam,
1255 3217 1395 3276 huic
1435 3217 1498 3276 in
1538 3216 1776 3276 ciuitate
1803 3220 2000 3276 Venta
2034 3237 2188 3293 quae
2214 3237 2250 3275 a

261 3326 437 3393 gente
464 3317 767 3375 Saxonum
793 3313 1231 3375 Vintancaestir
1265 3316 1594 3391 appellatur
1620 3314 1824 3373 sedem
1853 3312 2247 3389 episcopalem

667 3434 710 3467 ¹¹
742 3436 908 3486 renuit
930 3435 1008 3485 C1.
1369 3433 1410 3467 ²⁰
1443 3436 1723 3484 Hiberm‘cia
1746 3450 1835 3484 mS.
