2567 3750
241 73 267 114 1
281 74 352 112 20
645 68 1018 117 CONFIRMA
1031 66 1216 128 TJON
1243 67 1339 116 OF
1370 67 1519 116 THE
1549 68 1734 117 STOR
1747 70 1798 118 Y.
2083 49 2199 132 [IV

234 205 534 267 narrasset,
583 193 954 270 interrogauit
995 213 1130 254 eum
1176 194 1455 254 sollicitus
1504 198 1703 271 quales
1750 208 1942 256 essent
1995 197 2197 256 habitu

237 292 334 350 uel
361 289 554 366 specie
583 289 690 348 uiri
725 289 827 365 qui
864 289 974 349 sibi
1011 289 1427 365 apparuissent.
1510 291 1844 366 respondit:
1890 297 1904 324 ‘
1925 293 2200 368 praeclari

222 386 480 446 omnino
527 385 760 444 habitus
803 397 862 445 et
909 388 1104 446 uultus
1154 398 1317 447 erant
1359 387 1656 447 laetissimi
1700 409 1769 448 ac
1815 389 2198 465 pulcherrimi,

222 484 440 560 ,quales
464 501 784 557 numquam
810 492 946 540 ante
976 481 1236 542 uideram
1262 502 1455 558 neque
1476 483 1701 559 aliquos
1726 484 2028 544 hominum
2057 485 2202 545 tanti

240 576 467 637 decoris
503 596 576 635 ac
611 575 931 635 uenustatis
975 596 1102 637 esse
1143 597 1317 653 posse
1365 580 1689 639 credebam.
1772 598 1923 639 unus
1966 579 2201 656 quidem
2270 601 2301 659 5

240 685 503 734 attonsus
547 683 670 732 erat
711 684 775 731 ut
816 672 1073 744 clericuS,
1119 673 1262 732 alius
1307 675 1548 734 barbam
1590 675 1846 735 habebat
1889 677 2202 752 prolixam:

241 768 632 843 dicebantque
699 767 861 841 quod
928 782 1079 825 unus
1143 787 1346 827 eorum
1415 771 1634 842 Petrus,
1692 769 1839 829 alius
1905 754 2208 831 uocaretur

243 867 476 939 PauluS,
525 875 585 925 et
631 862 741 938 ipsi
789 872 982 922 essent
1028 863 1272 921 ministri
1317 864 1538 924 domini
1580 875 1641 924 et
1684 867 1983 926 saluatoris
2024 865 2203 926 nostri

244 965 381 1021 Iesu
411 961 624 1022 Christi
653 963 730 1020 ad
757 960 1061 1019 tuitionem
1093 961 1275 1020 nostri
1314 963 1644 1022 monasterii
1678 962 1840 1022 missi
1874 963 1949 1022 ab
1976 961 2104 1038 ipso
2131 964 2207 1021 de
2243 974 2245 977 ’

243 1057 454 1117 caelis)
550 1054 796 1114 credidit
856 1073 993 1131 ergo
1052 1055 1244 1115 uerbis
1304 1057 1466 1132 pueri
1530 1058 1844 1133 presbyter,
1899 1076 1970 1118 ac
2015 1057 2204 1116 statim
2241 1084 2311 1120 10

244 1171 504 1229 egressus
533 1149 831 1226 requisiuit
868 1149 930 1208 in
967 1153 1176 1211 annale
1214 1171 1321 1211 suo
1358 1163 1417 1212 et
1453 1152 1675 1212 inuenit
1712 1152 1918 1212 eadem
1954 1151 2081 1228 ipsa
2113 1153 2207 1212 die

246 1248 573 1309 Osualdum
627 1265 822 1322 regem
882 1244 1058 1305 fuisse
1111 1258 1474 1322 peremtum:
1539 1246 1878 1322 uocatisque
1943 1247 2209 1306 fratribus

238 1341 431 1418 ⁴parari
476 1340 786 1417 prandium
852 1341 1056 1399 missas
1111 1340 1233 1399 fieri
1290 1352 1465 1416 atque
1525 1359 1731 1400 omnes
1784 1341 2210 1401 communicare

245 1455 408 1495 more
445 1434 618 1495 solito
654 1433 980 1510 praecepit:
1023 1434 1290 1494 simulet
1325 1435 1637 1494 infirmanti
1671 1455 1852 1511 puero
1889 1437 1963 1496 de
2002 1435 2210 1495 eodem

248 1529 528 1590 sacrificio
561 1529 890 1589 dominicae
927 1529 1240 1589 oblationis
1277 1529 1618 1605 particulam
1655 1530 1859 1591 deferri
1896 1531 2215 1610 mandauit..
2246 1554 2309 1612 15

249 1625 461 1700 quibus
502 1621 584 1682 ita
618 1623 792 1700 gestis
828 1643 949 1696 non
993 1626 1178 1683 multo
1214 1637 1347 1700 post
1388 1627 1594 1684 eadem
1634 1625 1761 1701 ipsa
1798 1625 1893 1685 die
1936 1645 2081 1702 puer
2116 1626 2212 1684 de·

248 1723 479 1780 functus
517 1732 621 1792 est,
660 1741 880 1797 suaque
921 1706 1107 1780 morte
1145 1720 1415 1797 probauit
1451 1740 1590 1781 uera
1631 1722 1805 1782 fuisse
1844 1724 2024 1780 uerba
2062 1713 2213 1796 quae

251 1822 327 1880 ab
355 1818 635 1896 apostolis
673 1817 890 1880 Christi
926 1811 1198 1878 audierat.
1282 1818 1387 1877 sed
1426 1827 1486 1877 et
1521 1818 1637 1878 hoc
1675 1817 1799 1878 eius
1834 1816 2025 1877 uerbis
2063 1816 2215 1876 testi-

252 1914 516 1975 monium
547 1913 854 1989 perhibuit,
895 1911 1056 1989 quod
1099 1932 1275 1973 nemo
1318 1924 1545 1989 praeter
1585 1912 1777 1989 ipsum
1815 1922 2079 1988 tempore
2115 1911 2215 1971 illo

252 2029 325 2071 ex
353 2010 560 2069 eodem
591 2020 678 2068 est
704 2007 1059 2068 monasterio
1085 2019 1282 2084 raptus
1310 2009 1385 2067 de
1413 2008 1651 2067 mundo.
1716 2026 1788 2066 ex
1809 2025 1925 2082 qua
1945 2005 2214 2065 nimirum
2246 2031 2318 2067 20

253 2105 480 2166 uisione
525 2105 709 2177 multi,
761 2104 861 2181 qui
915 2105 1061 2163 haec
1115 2103 1314 2164 audire
1360 2114 1688 2180 potuerunt,
1735 2104 1811 2163 ad
1867 2103 2218 2163 exorandam

249 2189 316 2265 ¹in
363 2203 622 2265 aduersis
670 2203 932 2262 diuinam
986 2202 1357 2261 clementiam
1414 2201 1490 2261 ad
1547 2201 1818 2261 salutaria
1871 2199 2219 2259 ieiuniorum

254 2300 513 2362 remedia
557 2299 859 2358 subeunda
902 2307 1036 2356 sunt
1079 2296 1412 2356 mirabiliter
1455 2296 1720 2356 accensi:
1762 2306 1820 2356 et
1857 2314 1931 2355 ex
1967 2314 2039 2355 eo
2083 2306 2223 2353 tem-

255 2416 399 2473 pore
434 2414 557 2455 non
594 2394 783 2453 solum
818 2392 880 2452 in
922 2393 1133 2451 eodem
1176 2391 1548 2462 monasteriO,
1592 2392 1695 2450 sed
1734 2402 1793 2450 et
1833 2390 1895 2448 in
1936 2390 2224 2466 plerisque

256 2491 400 2550 locis
437 2489 578 2559 aliis,
618 2486 810 2563 coepit
850 2486 1149 2545 annuatim
1190 2484 1453 2544 eiusdem
1489 2484 1639 2560 regis
1679 2503 1749 2543 ac
1784 2483 1981 2542 militis
2012 2482 2226 2543 Christi
2256 2508 2283 2544 2
2292 2504 2322 2563 5

258 2584 559 2644 natalicius
586 2582 713 2642 dies
741 2582 1044 2641 missarum
1073 2577 1462 2640 celebratione
1490 2578 1763 2638 uenerari.

1165 2784 1329 2868 [XV]

271 2908 682 3031 INTEREA
725 2907 1137 2985 superueniens
1181 2928 1317 2968 cum
1354 2908 1606 2969 exercitu
1650 2908 1969 2969 Caedualla
2003 2906 2232 2967 iuuenis
2324 2892 2329 2898 ’

379 3002 808 3060 strenuissimus
845 3003 920 3060 de
951 3003 1111 3076 regio
1148 3023 1359 3080 genere
1388 3003 1781 3076 (ienissomm‚
1813 3022 1945 3060 cum
1977 3004 2233 3060 exularet

268 3116 296 3152 a
328 3096 508 3172 patria
536 3120 652 3164 Ξυῑι,
688 3100 964 3156 tiamsi-:eit
1000 3120 1188 3172 regem
1212 3100 1557 3156 :taedimur-:11
1589 3120 1653 3156 au:
1685 3100 2041 3176 prouinciam
2077 3100 2229 3156 illam
2261 3128 2337 3180 ἃς)

648 3219 684 3244 “·’“
720 3228 760 3264 f!
784 3236 856 3264 aar·
884 3236 968 3264 ms.
1000 3220 1068 3264 m?
1084 3236 1160 3264 eti·-
1188 3220 1264 3264 ¹:2¹³.
1341 3220 1361 3264 ?
1393 3228 1433 3264 r!
1457 3220 1521 3264 [Μ’
1541 3220 1613 3264 liis·
1641 3236 1693 3267 Η
1725 3220 1817 3265 and
1841 3236 1917 3268 Π.

656 3296 692 3324 ²⁴³
728 3312 752 3344 Ε
778 3308 848 3340 ΧΨ
876 3300 968 3344 nuti
1000 3308 1088 3344 :tvl
1116 3300 1240 3344 furni
1264 3308 1369 3360 part
1397 3300 1489 3344 oft:
1517 3308 1609 3344 3¹:1⁴¹?
1641 3300 1689 3344 in.
1713 3316 1801 3344 ms.
