2567 3750
282 36 389 106 146
450 122 451 129 ἵ
738 47 1110 116 ,ΡΕΝΑΝσΕ
1158 46 1252 95 off
1285 39 1776 97 ADAMNANUS.
1936 55 1942 63 ·
2016 0 2023 9 ’
2131 23 2247 107 [IV

273 180 562 238 accedens
589 198 726 254 ergo
755 180 1225 239 adsacerdotem
1252 197 1289 235 a
1317 195 1436 252 quo
1465 176 1575 236 sibi
1604 175 1875 252 sperabat
1901 173 2010 239 iter
2047 173 2248 234 salutis

272 295 445 353 posse
487 274 886 344 demonstrari,
925 275 1228 335 confessus
1268 284 1357 332 est
1388 284 1613 331 reatum
1652 290 1819 330 suum
1857 270 2142 347 petiitque
2181 281 2249 353 ut

274 367 582 427 consilium
616 366 728 426 sibi
769 369 933 426 daret
970 386 1090 442 quo
1131 376 1334 445 posset
1372 368 1569 440 fugere
1605 384 1642 422 a
1674 376 1919 424 uentura
1961 363 2061 446 ira.
2145 362 2249 439 qui

274 464 475 524 audito
529 463 655 523 eius
709 463 1026 523 commisso
1081 462 1261 522 dixit:
1334 465 1349 494 ‘
1367 464 1586 537 grande
1643 463 1860 520 uulnus
1925 460 2248 536 grandioris

274 579 472 618 curam
500 560 784 620 medellae
813 557 1139 629 desiderat3
1182 568 1240 617 et
1266 557 1405 618 ideo
1433 557 1661 616 ieiuniis
1689 556 1927 633 psalmis
1956 568 2015 616 et
2043 555 2247 617 oratio·

275 654 465 726 nibus,
507 664 790 729 quantum
840 654 1018 724 uales,
1064 651 1285 723 insiste,
1334 671 1454 728 quo
1502 655 1993 728 praeoccupando
2039 650 2250 710 faciem

277 750 499 810 domini
541 749 604 808 in
650 747 1020 807 confessione
1066 746 1385 823 propitium
1434 766 1570 805 eum
1625 746 1888 805 inuenire
1939 744 2253 805 merearis.’

276 857 339 905 at
384 846 497 917 ille,
549 864 728 920 quem
776 842 989 902 nimius
1042 862 1175 901 reae
1230 840 1627 901 conscientiae
1672 843 1911 900 tenebat
1955 842 2141 912 dolor,
2191 852 2251 901 et

274 941 516 1015 internis
540 951 918 1018 peccatorum
945 938 1192 997 uinculis
1223 937 1435 1014 quibus
1452 939 1801 1014 grauabatur
1826 937 1993 998 ocius
2022 937 2249 998 deside-

241 1050 244 1054 ’
274 1037 437 1096 rabat
477 1035 717 1106 absolui,
765 1040 778 1066 ‘
797 1033 1245 1092 adulescentior'
1289 1032 1479 1109 inquit
1521 1038 1677 1097 ‘sum
1705 1045 1895 1094 aetate
1922 1045 1982 1093 et
2008 1045 2251 1115 uegetus

248 1144 552 1209 ‘corporet
634 1131 913 1207 quicquid
968 1130 1111 1188 mihi
1164 1129 1489 1205 inposueris
1554 1132 1865 1206 agendum,
1922 1131 2251 1190 dummodo

2284 1053 2354 1091 10

275 1233 469 1290 saluus
495 1232 631 1286 fiam
658 1228 718 1286 in
748 1227 844 1286 die
873 1227 1114 1314 domini,
1145 1237 1335 1284 totum
1371 1226 1539 1287 facile
1568 1230 1763 1300 feram,
1785 1227 1960 1286 etiam
1991 1227 2039 1286 si
2066 1238 2250 1286 totam
2328 1263 2335 1271 -

274 1336 510 1385 noctem
540 1325 750 1383 stando
779 1323 838 1380 in
867 1322 1134 1396 precibus
1165 1342 1454 1398 peragere,
1487 1324 1536 1385 si
1563 1324 1845 1401 integram
1867 1324 2249 1401 septimanam

274 1422 475 1482 iubeas
522 1420 872 1480 abstinendo
920 1419 1268 1494 transigere!
1350 1419 1453 1494 qui
1494 1420 1670 1481 dixit:
1736 1424 2018 1481 ‘multum
2062 1432 2150 1481 est
2188 1432 2250 1481 ut

276 1528 400 1577 tota
454 1514 780 1591 septimana
832 1514 1054 1588 absque
1108 1513 1389 1573 alimento
1449 1514 1706 1590 corporis
1766 1517 2079 1592 perdures3
2147 1517 2251 1574 sed

276 1614 599 1672 biduanum
638 1612 736 1669 uel
777 1610 1111 1668 triduanum
1147 1622 1236 1670 sat
1276 1621 1364 1669 est
1401 1611 1712 1679 obseruare
1756 1611 2054 1671 ieiunium.
2137 1613 2252 1671 hoc

275 1708 468 1778 facit0,
516 1709 708 1766 donec
755 1722 889 1782 post
935 1705 1236 1765 modicum
1286 1718 1516 1782 tempus
1570 1707 1799 1767 rediens
1852 1709 1926 1767 ad
1982 1719 2057 1779 te,
2108 1708 2252 1783 quid

276 1806 464 1861 facere
497 1802 713 1861 debeas
742 1813 801 1859 et
828 1800 1111 1877 quamdiu
1146 1802 1542 1878 poenitentiae
1568 1801 1848 1875 insistere,
1880 1803 1985 1863 tibi
2020 1804 2251 1880 plenius

274 1899 621 1957 ostendam!
701 1896 912 1971 quibus
960 1896 1133 1955 dictis
1170 1909 1233 1956 et
1276 1898 1568 1973 descripta
1613 1898 1696 1957 illi
1742 1914 2011 1957 mensura
2056 1900 2252 1975 paeni-

192 2069 199 2078 κ
277 1995 454 2067 tendi,
510 1993 651 2053 abiit
707 1994 994 2064 sacerdOS,
1052 2005 1111 2051 et
1163 1992 1469 2068 ingruente
1522 2014 1699 2053 causa
1765 1994 1955 2054 subita
2015 1994 2249 2055 secessit

280 2089 628 2149 Hiberniam
682 2090 840 2148 unde
895 2088 1177 2164 originem
1226 2090 1485 2161 duxerat,
1543 2109 1735 2166 neque
1787 2091 1937 2149 ultra
1982 2092 2061 2152 ad
2115 2111 2251 2151 eum

277 2187 431 2243 iuxta
485 2204 657 2242 suum
710 2182 1050 2242 condictum
1105 2184 1291 2243 rediit.
1388 2198 1449 2244 at
1501 2184 1626 2261 ipse
1681 2205 1907 2244 memor
1958 2186 2256 2262 praecepti

277 2282 401 2344 eius
450 2279 624 2338 simul
673 2291 731 2339 et
771 2278 1042 2353 promissi
1089 2279 1181 2338 sui
1222 2290 1413 2340 totum
1456 2301 1518 2340 se
1566 2281 1816 2340 lacrimis
1863 2282 2255 2357 paenitentiae

276 2375 486 2451 uigiliis
533 2374 748 2454 sanctis
795 2384 854 2432 et
900 2374 1296 2435 continentiae
1350 2377 1743 2452 mancipauit·
1728 2422 1780 2458 ,
1810 2377 1892 2437 ita
1939 2390 2004 2438 ut
2052 2377 2256 2454 quinta

272 2475 468 2532 solum
512 2451 738 2529 sabbati
782 2480 840 2528 et
889 2469 1186 2530 dominica
1228 2472 1378 2531 sicut
1414 2473 1676 2548 praedixi
1722 2475 1999 2547 reficeret,
2049 2475 2255 2535 ceteris

276 2566 635 2641 septimanae
683 2565 890 2626 diebus
936 2566 1164 2626 ieiunus
1212 2580 1593 2643 permaneret.
1685 2586 1940 2643 cumque
1993 2569 2252 2630 sacerdo·

279 2674 397 2720 tem
452 2679 623 2720 suum
679 2660 1025 2720 Hiberniam
1087 2663 1395 2723 secessisse
1461 2663 1662 2740 ibique
1730 2665 2072 2724 defunctum
2127 2685 2254 2724 esse

277 2756 550 2828 audisset,
591 2775 820 2832 semper
856 2777 927 2815 ex
963 2777 1036 2816 eo
1080 2769 1344 2834 tempore
1387 2758 1546 2817 iuxta
1589 2758 1931 2818 condictum
1974 2758 2098 2818 eius
2139 2779 2255 2818 me-

279 2864 567 2912 moratum
614 2853 1007 2913 continentiae
1056 2855 1300 2913 modum
1347 2855 1696 2914 obseruabat
1738 2867 1814 2927 et,
1870 2857 2035 2931 quod
2080 2875 2256 2915 causa

280 2949 463 3009 diuini
506 2950 728 3009 timoris
772 2952 952 3010 semel
996 2953 1074 3010 ob
1110 2964 1335 3010 reatum
1376 2963 1765 3027 compunctus
1807 2963 2095 3027 coeperat,
2139 2952 2251 3010 iarn

279 3062 459 3101 causa
483 3044 669 3102 diuini
696 3046 909 3105 amoris
938 3047 1261 3105 delectatus
1288 3046 1561 3121 praemiis
1590 3045 1915 3105 indefessus
1942 3047 2164 3121 agebat.

400 3138 583 3209 Quod
610 3140 752 3197 dum
781 3143 966 3199 multo
994 3152 1256 3216 tempore
1278 3143 1519 3202 sedulus
1552 3153 1976 3218 exsequeretur,
2014 3141 2254 3216 contigit

312 3243 335 3275 ⁸
363 3245 539 3293 ist'uruk
560 3261 653 3293 ms.
793 3245 814 3280 ⁷
847 3252 1073 3308 merlaris,
1088 3267 1177 3299 ms.
1322 3249 1364 3282 ²⁰
1394 3253 1575 3299 aa'ulis-
1598 3267 1690 3300 ms.
1833 3250 1875 3282 ²³
1898 3253 2108 3317 promisi
2125 3268 2210 3302 ms.

2282 2021 2370 2064 20,

2281 2974 2356 3029 30
