2567 3750
285 239 308 276 1
322 224 394 292 78
823 236 1019 285 LAST
1051 236 1157 286 ΗΟ
1166 236 1305 286 URS
1348 237 1444 286 OF
1475 236 1698 285 BEDA.
2033 214 2257 298 [rasi-1-

278 364 477 436 time0,
535 362 675 439 quia
719 362 944 423 bonum
1000 363 1309 422 dominum
1364 364 1649 422 habemus
1670 363 1700 420 '.
1784 363 1846 421 in
1893 361 2019 422 istis
2058 372 2258 422 autem

280 459 488 518 diebus
528 459 650 517 dua
692 460 979 534 opuscula
1018 457 1337 518 memoriae
1375 458 1570 534 digna,
1606 458 1865 534 exceptis
1905 457 2258 518 lectionibus

280 574 425 630 quas
466 554 708 615 cottidie
747 554 1083 630 accepimus
1124 556 1200 614 ab
1238 574 1312 614 eo
1350 565 1408 614 et
1448 565 1625 613 cantu
1660 556 2038 630 psalmorum,
2068 555 2259 613 facere

281 649 515 709 studuit.
600 649 664 709 id
691 659 778 709 est
806 670 841 708 a
868 650 1059 726 capite
1098 650 1283 710 sancti
1312 648 1599 726 euangelii
1638 649 1920 709 Iohannis
1956 668 2144 726 usque
2180 650 2260 708 ad

280 769 416 809 eum
443 749 640 808 locum
659 747 861 824 in.quo
889 747 1117 819 dicitur,
1152 748 1280 806 ‘sed
1308 749 1456 806 haec
1483 746 1626 822 quid
1655 757 1789 805 sunt
1817 746 1967 806 inter
1991 744 2260 805 tantos?'

280 842 341 901 in
395 854 655 902 nostram
696 842 955 918 linguam
994 844 1071 902 ad
1112 841 1423 901 utilitatem
1467 840 1752 901 ecclesiae
1805 841 1904 900 dei
1952 841 2258 914 conuertit,

281 949 341 997 et
377 938 453 997 de
489 937 649 996 libris
688 937 901 997 Isidori
944 937 1207 1013 episcopi
1251 937 1653 1013 excerptiones
1695 936 1980 1012 quasdam
2021 935 2262 996 dicens:

285 1033 458 1092 ‘nolo
512 1042 576 1091 ut
629 1032 795 1107 pueri
848 1032 966 1091 mei
1020 1033 1396 1091 mendacium
1455 1034 1655 1108 legant
1717 1042 1777 1091 et
1832 1031 1895 1089 in
1949 1032 2065 1090 hoc
2127 1043 2263 1107 post

282 1148 480 1187 meum
525 1127 752 1187 obitum
796 1127 921 1187 sine
964 1130 1153 1187 fructu
1196 1129 1466 1188 laborent
1482 1128 1513 1185 '.
1598 1148 1732 1187 cum
1774 1129 2031 1188 uenisset
2065 1140 2262 1188 autem

283 1223 450 1282 tertia
502 1223 646 1282 feria
698 1232 835 1281 ante
890 1223 1301 1284 ascensionem
1341 1222 1570 1284 domini
1611 1224 1809 1301 coepit
1855 1222 2263 1283 uehementius

284 1329 544 1395 egrotare
596 1317 658 1377 in
712 1317 972 1377 anhelitu
1028 1330 1087 1378 et
1148 1319 1418 1378 modicus
1478 1330 1673 1379 tumor
1718 1313 1785 1386 'in
1842 1318 1959 1379 suis
2012 1319 2265 1395 pedibus

284 1415 564 1491 apparuit.
649 1425 839 1474 totum
866 1426 1066 1474 tamen
1093 1415 1258 1475 illum
1286 1417 1445 1477 diem
1478 1418 1733 1476 docebat
1766 1428 1826 1477 et
1859 1417 2114 1476 hilariter
2148 1417 2268 1476 dic-

285 1514 449 1571 tabat
487 1522 545 1571 et
588 1531 1036 1587 nonnumquam
1083 1511 1234 1570 inter
1275 1512 1391 1571 alia
1432 1513 1614 1572 dixit:
1659 1518 1674 1546 ‘
1691 1512 1897 1572 discite
1939 1532 2072 1571 cum
2113 1513 2269 1572 festi-

287 1607 524 1666 natione
535 1628 554 1680 3
597 1606 736 1682 quia
760 1607 962 1667 nescio
991 1608 1272 1682 quamdiu
1301 1606 1612 1668 subsistam
1640 1620 1700 1668 et
1728 1609 1776 1668 si
1801 1619 1938 1685 post
1964 1607 2268 1668 modicum

287 1702 454 1760 tollat
499 1721 597 1761 me
636 1703 822 1762 factor
866 1705 1071 1762 meus'.
1162 1703 1335 1763 nobis
1381 1715 1580 1763 tamen
1626 1703 1938 1764 uidebatur
1987 1723 2065 1762 ne
2118 1705 2269 1763 forte

289 1797 509 1857 exitum
537 1818 706 1857 suum
740 1800 895 1858 bene
923 1799 1095 1859 sciret
1124 1811 1181 1859 et
1209 1800 1294 1858 sic
1321 1811 1557 1860 noctem
1590 1800 1652 1860 in
1687 1801 1999 1879 gratiarum
2034 1799 2268 1860 actione

288 1895 531 1973 peruigil
579 1897 760 1956 duxit.
846 1909 904 1957 et
950 1917 1125 1957 mane
1166 1898 1582 1972 inlucescente,
1628 1898 1692 1958 id
1733 1908 1821 1958 est
1864 1909 2070 1973 quarta
2108 1896 2266 1968 feria,

289 1993 584 2069 praecepit
611 1993 918 2069 diligenter
944 1993 1118 2052 scribi
1146 2012 1299 2070 quae
1328 2013 1723 2070 coeperamus.
1797 2004 1856 2053 et
1881 1995 1998 2052 hoc
2024 1992 2270 2053 fecimus

290 2109 476 2165 usque
504 2091 581 2149 ad
608 2090 846 2149 terciam
873 2091 1094 2149 horam.
1173 2110 1211 2148 a
1236 2091 1415 2150 tercia
1440 2101 1638 2149 autem
1667 2092 1813 2149 hora
1838 2089 2270 2149 ambulauimus

291 2206 428 2245 cum
454 2186 709 2262 reliquiis
737 2198 1090 2260 sanctorum,
1119 2199 1185 2247 ut
1218 2189 1588 2247 consuetudo
1625 2186 1778 2245 illius
1815 2185 1934 2246 diei
1968 2187 2268 2262 poscebat.

292 2292 351 2340 et
386 2302 537 2340 unus
574 2292 696 2340 erat
733 2301 806 2339 ex
842 2282 1014 2340 nobis
1051 2301 1188 2348 cum
1224 2282 1343 2354 illo,
1375 2281 1475 2357 qui
1513 2281 1660 2341 dixit
1695 2281 1813 2340 illi:
1860 2282 2087 2341 ‘adhuc
2122 2280 2276 2356 capi-

292 2380 480 2437 tulum
508 2398 692 2437 unum
721 2379 797 2437 de
823 2377 973 2437 libro
1011 2396 1188 2454 quem
1227 2378 1457 2437 dictasti
1495 2380 1675 2438 deest.
1762 2388 1821 2437 et
1857 2378 2090 2438 uidetur
2129 2377 2275 2435 mihi

294 2475 528 2534 difficile
565 2474 672 2533 tibi
700 2494 827 2534 esse
863 2476 995 2550 plus
1032 2486 1091 2544 te
1128 2474 1482 2550 interrogare
1500 2475 1551 2549 '3
1593 2485 1654 2533 at
1690 2474 1786 2533 ille
1824 2474 2048 2550 inquid,
2082 2473 2276 2531 ‘facile

295 2581 399 2641 est,
435 2570 637 2645 accipe
663 2581 831 2628 tuum
859 2572 1150 2628 calamum
1180 2580 1238 2628 et
1266 2580 1543 2645 tempera,
1572 2569 2026 2645 festinanterque
2055 2568 2278 2627 scribe.'

297 2677 356 2724 et
390 2666 487 2725 ille
524 2668 640 2725 hoc
675 2666 827 2724 fecit.
916 2686 951 2724 a
990 2685 1152 2725 nona
1191 2668 1337 2725 hora
1376 2667 1523 2725 dixit
1562 2666 1741 2724 mihi:
1785 2670 1799 2697 ‘
1824 2667 2115 2741 quaedam
2155 2684 2281 2741 pre-

297 2763 458 2822 ciosa
497 2762 559 2820 in
600 2782 733 2821 mea
773 2764 1028 2838 capsella
1066 2764 1275 2836 habeO,
1316 2763 1380 2822 id
1423 2773 1511 2822 est
1560 2763 1826 2839 piperum
1875 2761 2059 2821 oraria
2098 2772 2158 2820 et
2198 2760 2281 2818 in-

298 2879 510 2933 censa3
577 2860 684 2919 sed
739 2878 902 2919 curre
961 2859 1242 2918 uelociter
1306 2869 1364 2918 et
1425 2860 1624 2918 adduc
1683 2858 2035 2944 presbiteros
2098 2857 2282 2917 nostri

299 2953 636 3013 monasterii
681 2955 759 3013 ad
799 2974 914 3028 me,
956 2965 1020 3014 ut
1062 2965 1121 3013 et
1161 2974 1272 3030 ego
1312 2955 1660 3012 munuscula
1708 2952 1901 3030 qualia
1940 2949 2085 3010 mihi
2132 2952 2280 3010 deus

300 3050 546 3110 donauit
579 3050 692 3109 illis
735 3051 1076 3110 distribuam
1090 3053 1118 3108 '.
1205 3062 1262 3111 et
1291 3052 1407 3110 hoc
1444 3069 1580 3109 cum
1617 3062 1867 3110 tremore
1895 3048 2008 3108 feci
2036 3059 2095 3107 et
2121 3067 2283 3124 prae·

302 3146 563 3205 sentibus
599 3147 711 3205 illis
752 3149 980 3207 locutus
1023 3159 1111 3207 est
1150 3149 1227 3207 ad
1264 3167 1368 3207 eos
1406 3158 1465 3206 et
1499 3165 2000 3222 unumquemque,
2032 3164 2282 3205 monens

304 3251 363 3299 et
410 3243 722 3301 obsecrans
763 3263 870 3319 pro
915 3263 987 3302 eo
1034 3244 1240 3303 missas
1281 3243 1590 3319 diligenter
1629 3253 1688 3302 et
1727 3240 2020 3303 orationes
2060 3242 2286 3300 facere:

305 3345 364 3394 et
390 3334 474 3393 illi
499 3336 746 3397 libenter
772 3339 1141 3414 respondere.
1198 3340 1477 3413 lugebant
1504 3348 1699 3398 autem
1729 3346 1788 3396 et
1814 3337 2035 3396 flebant
2063 3354 2288 3407 omneS,

1045 3450 1089 3480 ω
1121 3467 1258 3514 marg
1292 3453 1372 3499 uel
1390 3453 1544 3515 pzper.

2296 1248 2370 1286 10

2304 2204 2378 2241 20

2310 2684 2380 2743 25

2313 3164 2388 3219 30
