2567 3750
279 29 356 100 64
506 42 772 95 CEDD’S
807 46 962 95 ΒΕΑ
974 46 1086 95 TH.
1150 45 1281 95 HIS
1317 43 1673 95 BRQTHER
1721 43 2041 95 cEADDA.
2129 24 2258 108 [ΙΙΙ

280 178 400 227 tem
436 188 507 227 ac
542 169 840 229 licentiam
883 170 1104 230 ibidem
1141 169 1420 230 orationis
1457 189 1632 229 causa
1670 168 2016 229 demorandi
2052 186 2262 229 conce-

282 265 461 322 deret.
545 265 757 340 quibus
787 266 993 326 diebus
1021 265 1249 325 cunctis
1276 276 1520 341 excepta
1547 265 1846 324 dominica
1872 265 2153 324 ieiunium
2181 266 2262 324 ad

284 375 588 435 uesperam
638 381 824 437 usque
867 362 1028 421 iuxta
1082 381 1309 421 morem
1351 362 1664 437 protelans,
1717 381 1791 421 ne
1835 372 1977 422 tunc
2021 362 2264 438 quidem

285 452 397 539 nisi
450 454 616 538 panis
670 456 1074 530 permodicum
1121 467 1180 516 et
1227 476 1413 515 unum
1461 475 1643 516 ouum
1689 456 2076 533 gallinaceum
2126 476 2263 515 cum

285 568 471 625 paruo
526 552 676 611 laete
730 571 884 628 aqua
937 551 1121 611 mixto
1168 551 1542 628 percipiebat.
1627 552 1861 612 dicebat
1908 551 2065 610 enim
2088 536 2091 541 ’
2112 553 2266 612 hanc

288 667 417 708 esse
471 649 958 708 consuetudinem
1005 667 1207 709 eorum
1254 668 1291 707 a
1339 649 1550 725 quibus
1605 667 1904 708 normam.
1924 647 2266 724 disciplinae

288 746 561 823 regularis
617 747 914 819 didicerat,
970 757 1035 805 ut
1088 757 1331 822 accepta
1384 765 1572 822 nuper
1622 746 1757 805 loca
1808 746 1887 804 ad
1932 745 2268 804 faciendum

290 845 709 904 monasterium
763 846 861 903 uel
917 843 1222 904 eeclesiam
1290 843 1449 920 prius
1503 843 1863 903 orationibus
1918 862 1988 902 ac
2042 843 2269 903 ieiuniis

293 941 537 1000 domino
571 951 930 1001 consecrent.
1016 959 1268 1016 cumque
1305 960 1342 998 x
1380 940 1504 999 dies
1540 942 1730 999 xlmae
1768 951 2065 1012 restarent,
2106 938 2270 998 uenit

292 1034 393 1111 qui
421 1038 698 1096 clamaret
726 1055 862 1096 eum
890 1038 969 1095 ad
996 1054 1224 1112 regem:
1266 1045 1327 1095 at
1359 1034 1474 1108 ille,
1513 1055 1590 1094 ne
1629 1055 1779 1112 opus
1814 1035 2144 1110 religiosum
2174 1054 2272 1093 ne·

292 1131 583 1207 gotiorum
618 1132 899 1209 regalium
936 1152 1115 1192 causa
1150 1131 1642 1204 intermitteretur,
1670 1132 1838 1209 petiit
1872 1135 2271 1209 presbyterum

299 1246 471 1286 suum
501 1227 875 1303 Cynibillum,
906 1227 1008 1303 qui
1047 1227 1221 1287 etiam
1258 1229 1432 1287 frater
1466 1246 1775 1303 germanus
1803 1238 1926 1287 erat
1950 1226 2147 1303 ipsius,
2176 1227 2275 1303 pia

296 1333 509 1398 coepta
536 1325 850 1400 complere.
908 1323 1004 1382 cui
1033 1343 1167 1382 cum
1195 1323 1291 1382 ille
1318 1324 1569 1383 libenter
1593 1322 2014 1398 adquiesceret,
2040 1324 2275 1398 expleto

297 1417 492 1476 studio
536 1417 884 1478 ieiuniorum
924 1429 983 1477 et
1019 1417 1298 1478 orationis
1338 1418 1476 1477 fecit
1511 1417 1593 1476 ibi
1629 1417 2066 1488 monasterium,
2114 1418 2275 1492 quod

296 1532 455 1572 nunc
493 1515 883 1590 Laestingaeu
920 1525 1182 1586 uocatur,
1225 1524 1284 1573 et
1322 1513 1602 1590 religiosis
1642 1513 1901 1574 moribus
1938 1512 2098 1573 iuxta
2121 1509 2275 1572 'ritus

302 1607 862 1669 Lindisfarnensium
889 1609 992 1669 ubi
1021 1611 1302 1669 educatus
1330 1620 1451 1668 erat
1477 1607 1740 1669 instituit.

422 1703 541 1779 Qui
574 1724 712 1762 cum
746 1704 915 1763 annis
954 1704 1151 1763 multis
1180 1714 1239 1763 et
1267 1703 1329 1762 in
1355 1703 1614 1780 praefata
1649 1701 1952 1779 prouincia
1979 1701 2279 1778 episcopa·

302 1812 429 1860 tum
459 1801 890 1860 administraret
927 1811 986 1859 et
1020 1799 1194 1859 huius
1231 1818 1469 1876 quoque
1512 1798 1852 1858 monasterii
1888 1799 2117 1858 statutis
2152 1818 2281 1877 pro-

305 1896 509 1973 positis
558 1916 759 1956 curam
800 1908 1041 1973 gereret,
1087 1916 1225 1955 casu
1278 1893 1525 1972 contigit
1565 1904 1631 1954 ut
1677 1896 1754 1954 ad
1802 1893 1993 1971 ipsum
2047 1914 2278 1954 monas-

304 1993 514 2054 terium
558 2003 820 2069 tempore
861 1992 1227 2052 mortalitatis
1269 1991 1593 2051 adueniens
1634 2002 1825 2052 tactus
1869 1992 2090 2052 ibidem
2130 1993 2281 2050 infir·

305 2089 509 2149 mitate
536 2090 795 2165 corporis
815 2090 1018 2149 obiret.
1081 2089 1182 2166 qui
1208 2090 1398 2165 primo
1426 2089 1668 2164 quidem
1699 2088 1838 2147 soris
1867 2090 2127 2164 sepultus
2156 2098 2281 2162 est3

307 2197 571 2261 tempore
619 2196 815 2244 autem
857 2186 1215 2261 procedente
1258 2183 1320 2243 in
1366 2184 1578 2243 eodem
1632 2182 1986 2243 monasterio
2036 2183 2283 2243 ecclesia

309 2294 398 2343 est
434 2284 497 2342 in
531 2284 817 2342 honorem
855 2268 1075 2342 beatae⁴
1107 2281 1204 2341 dei
1245 2281 1554 2357 genetricis
1588 2282 1664 2340 de
1700 2280 1895 2357 lapide
1937 2282 2089 2339 facta
2126 2291 2186 2340 et
2221 2281 2283 2339 in

306 2382 408 2441 illa
435 2399 648 2456 corpus
675 2379 854 2455 ipsius
882 2381 959 2443 ad
987 2380 1285 2439 dexteram
1314 2377 1507 2437 altaris
1534 2377 1920 2437 reconditum.

2303 1059 2374 1098 10

2311 2015 2381 2052 20

430 2474 616 2534 Dedit
648 2484 845 2533 autem
883 2473 1196 2550 episcopus
1230 2474 1553 2550 regendum
1590 2483 1724 2549 post
1761 2492 1833 2549 se⁴
1866 2471 2285 2532 monasterium
2314 2499 2343 2537 2
2350 2496 2382 2555 5

306 2571 467 2631 fratri
520 2591 627 2632 suo
673 2572 916 2631 Ceadda
957 2571 1059 2648 qui
1101 2582 1310 2648 postea
1364 2570 1673 2646 episcopus
1725 2570 1912 2627 factus
1961 2579 2066 2641 est,
2116 2579 2183 2628 ut
2225 2568 2287 2628 in

310 2668 691 2744 sequentibus
733 2667 1012 2727 dicemus·
1095 2667 1178 2727 iiii
1222 2666 1513 2743 siquidem
1560 2667 1622 2726 hi
1676 2686 1825 2743 quos
1870 2666 2120 2726 diximus
2167 2687 2290 2744 ger-

312 2764 472 2824 mani
513 2766 731 2837 fratreS,
774 2766 945 2825 Cedd
983 2774 1044 2824 et
1084 2764 1342 2842 Cynibill
1379 2774 1437 2823 et
1483 2762 1687 2824 Caelin
1728 2773 1786 2822 et
1823 2763 2085 2835 Ceadda,
2126 2765 2289 2840 quod

310 2879 441 2919 raro
494 2859 803 2933 inuenitur,
876 2880 1084 2919 omnes
1137 2861 1472 2920 sacerdotes
1520 2859 1746 2919 domini
1798 2861 1959 2919 fuere
2011 2863 2291 2937 praeclari

312 2969 373 3018 et
416 2959 537 3017 duo
585 2976 659 3015 ex
706 2956 789 3016 eis
832 2958 1010 3017 etiam
1058 2957 1272 3016 summi
1316 2956 1626 3017 sacerdotii
1672 2958 1854 3033 gradu
1902 2957 2086 3017 functi
2134 2968 2284 3019 sunt.
2316 2981 2392 3036 30

312 3070 452 3111 cum
496 3070 635 3126 ergo
679 3052 1022 3128 episcopum
1067 3053 1408 3112 defunctum
1450 3072 1522 3111 ac
1562 3054 1853 3128 sepultum
1889 3052 1951 3111 in
1987 3054 2290 3128 prouincia

314 3148 374 3205 N
378 3145 942 3220 ordanhymbrorum
986 3147 1256 3207 audirent
1298 3149 1500 3206 fratres
1537 3148 1640 3223 qui
1676 3147 1738 3205 in
1773 3148 2128 3208 monasterio
2166 3147 2290 3209 eius

314 3251 479 3301 erant
519 3238 581 3299 in
622 3239 927 3317 prouincia
964 3242 1351 3304 Orientalium
1388 3246 1705 3318 Saxonum,
1741 3254 2027 3304 uenerunt
2068 3243 2172 3306 illo
2214 3246 2291 3307 de
