2567 3750
248 206 357 280 Ῑ58
431 220 900 273 CUDBERCT’S
928 222 1141 271 BODY
1165 223 1422 272 FoUND
1462 206 2031 272 UNCORRUPTED.
2107 200 2223 287 [IV

1121 364 1348 504 [xxxj

251 545 648 670 VOLENS
701 559 899 607 autem
940 547 1113 606 latius
1155 549 1557 607 demonstrare
1601 546 1804 606 diuina
1845 546 2222 623 dispensatiO,

420 655 641 723 quanta
683 644 744 703 in
787 645 971 720 gloria
1014 644 1103 703 uir
1151 642 1375 703 domini
1434 645 1732 704 Cudberct
1788 655 1922 718 post
1977 654 2225 703 mortem

250 742 474 801 uiueret
527 739 694 798 cuius
759 751 897 798 ante
963 751 1211 798 mortem
1279 739 1403 798 uita
1457 740 1720 800 sublimis
1777 739 1993 799 crebris
2047 739 2224 800 etiam

251 840 660 898 miraculorum
723 840 964 913 patebat
1028 836 1274 908 indiciis,
1333 838 1635 897 transactis
1704 839 2035 913 sepulturae
2103 836 2225 895 eius

251 937 419 995 annis
461 935 520 994 xi
563 934 781 994 inmisit
828 935 889 993 in
933 934 1132 994 animo
1177 936 1414 993 fratrum
1456 947 1522 995 ut
1561 937 1832 994 tollerent
1878 953 2012 994 ossa
2054 933 2223 1007 illius,

250 1021 403 1107 qua'e
430 1050 591 1090 more
618 1041 977 1089 mortuorum
1006 1041 1315 1089 consumto
1343 1030 1458 1089 iam
1486 1041 1544 1090 et
1571 1030 1632 1089 in
1659 1033 1960 1111 puluerem
1987 1031 2227 1089 redacto

251 1127 475 1202 reliquo
523 1144 764 1199 corpore
809 1125 963 1183 sicca
1004 1124 1360 1184 inuenienda
1403 1127 1702 1201 putabant,
1746 1137 1922 1202 atque
1963 1124 2023 1183 in
2063 1144 2229 1184 nouo

253 1222 557 1282 recondita
610 1224 808 1281 loculo
851 1222 913 1280 in
956 1223 1168 1280 eodem
1223 1221 1464 1297 quidem
1514 1224 1648 1282 loco
1696 1224 1800 1281 sed
1849 1240 2022 1297 supra
2068 1222 2226 1298 paui-

251 1331 516 1379 mentum
561 1318 774 1393 dignae
828 1318 1220 1378 uenerationis
1268 1320 1451 1395 gratia
1503 1322 1777 1380 locarent.
1863 1320 2027 1396 quod
2080 1321 2223 1379 dum

253 1416 363 1474 sib1
398 1414 683 1490 placuisse
725 1415 1055 1473 Eadbercto
1093 1414 1334 1475 antistiti
1377 1436 1484 1475 suo
1524 1419 1814 1488 referrent,
1846 1405 2049 1474 adnuit
2091 1435 2227 1475 con-

253 1510 383 1568 silio
426 1529 629 1568 eorum
683 1508 964 1584 iussitque
1018 1521 1083 1568 ut
1130 1509 1226 1569 die
1282 1511 1668 1586 depositionis
1714 1511 1840 1570 eius
1884 1513 1998 1572 hoc
2035 1513 2226 1571 facere

253 1605 669 1665 meminissent.
752 1608 1015 1665 fecerunt
1050 1618 1244 1665 autem
1285 1606 1369 1666 ita
1397 1618 1456 1666 et
1491 1607 1816 1683 aperientes
1853 1611 2224 1683 sepulchrum

2258 1342 2328 1380 10

251 1703 603 1760 inuenerunt
643 1720 853 1776 corpus
894 1712 1082 1760 totum
1123 1702 1289 1777 quasi
1329 1704 1522 1762 adhuc
1561 1703 1783 1763 uiueret
1830 1703 2119 1781 integrum
2166 1718 2226 1765 et
2309 1729 2314 1736 ·

207 1822 210 1827 ·
252 1799 542 1858 flexilibus
569 1810 795 1857 artuum
824 1799 1206 1877 compagibus
1232 1802 1419 1859 multo
1449 1800 1758 1860 dormienti
1786 1822 1963 1879 quam
1992 1813 2224 1862 mortuo

254 1898 533 1957 similius:
576 1897 679 1956 sed
708 1908 766 1956 et
791 1898 1141 1956 uestimenta
1167 1897 1365 1957 omnia
1401 1883 1611 1973 quibus
1647 1898 1917 1958 indutum
1955 1910 2077 1959 erat
2104 1919 2224 1959 non

254 1996 441 2052 solum
469 1994 811 2066 intemerata
838 2013 1041 2053 uerum
1070 1995 1245 2052 etiam
1274 1992 1462 2069 prisca
1489 1993 1751 2054 nouitate
1789 2006 1848 2054 et
1883 1994 2224 2055 claritudine

254 2088 518 2149 miranda
569 2090 867 2165 parebant.
953 2090 1112 2164 quod
1167 2089 1270 2148 ubi
1324 2089 1525 2148 uidere
1578 2091 1797 2162 fratreS,
1848 2090 2030 2149 nimio
2086 2109 2226 2149 mox

253 2185 462 2245 timore
502 2185 748 2260 perculsi
786 2184 1129 2245 festinarunt
1168 2187 1376 2244 referre
1413 2185 1656 2244 antistiti
1685 2206 1834 2261 quae
1861 2186 2219 2244 inuenerant.

255 2282 356 2357 qui
403 2291 529 2340 tum
575 2282 738 2366 forte·
770 2282 830 2340 in
875 2282 1184 2342 remotiore
1232 2282 1308 2341 ab
1359 2282 1604 2342 ecclesia
1646 2286 1780 2342 loco
1827 2282 2018 2343 refluis
2061 2283 2226 2342 undi-

256 2397 369 2455 que
424 2379 615 2455 pelagi
668 2380 935 2439 fluctibus
1004 2378 1200 2438 cincto
1268 2378 1556 2438 solitarius
1612 2383 1928 2452 manebat3
1994 2378 2056 2438 in
2110 2381 2225 2439 hoc

254 2474 472 2534 etenim
501 2491 729 2549 semper
756 2475 1231 2551 quadragesimae
1259 2485 1491 2550 tempus
1519 2493 1706 2550 agere,
1737 2472 1798 2532 in
1835 2475 1950 2534 hoc
1988 2476 2045 2532 xl
2087 2486 2224 2534 ante

254 2571 616 2632 dominicum
653 2572 845 2629 natale
886 2570 1010 2630 dies
1052 2572 1113 2630 in
1161 2590 1376 2647 magna
1412 2569 1809 2630 continentiae
1853 2569 2127 2630 orationis
2166 2583 2225 2631 et

2241 2298 2327 2336 ·20

254 2668 617 2728 lacrimarum
665 2664 980 2724 deuotione
1034 2667 1348 2743 transigere
1402 2667 1669 2737 solebat3
1735 2665 1797 2723 in
1865 2684 1986 2741 quo
2050 2666 2224 2725 etiam
2276 2663 2281 2666 ⁷

255 2761 601 2823 uenerabilis
642 2762 1057 2837 praedecessor
1090 2761 1212 2822 eius
1254 2763 1570 2834 Cudberct,
1609 2759 1948 2837 priusquam
1974 2758 2224 2819 insulam

260 2861 443 2917 Fame
490 2867 733 2933 peteret,
777 2855 1114 2931 aliquandiu
1152 2869 1406 2916 secretus
1452 2857 1698 2915 domino
1734 2853 2037 2930 militabat.
2122 2855 2225 2930 ad-

253 2956 507 3014 tulerunt
555 2965 753 3012 autem
801 2952 856 3012 ei
912 2963 971 3012 et
1024 2965 1246 3028 partem
1291 2952 1772 3012 indumentorum
1821 2970 1973 3027 quae
2014 2951 2235 3027 corpus'

255 3060 519 3108 sanctum
574 3049 913 3122 ambierant,
985 3067 1135 3123 quae
1188 3068 1325 3107 cum
1379 3048 1476 3107 ille
1532 3060 1591 3108 et
1645 3068 1886 3108 munera
1937 3047 2235 3125 gratanter

254 3144 541 3218 acciperet
559 3155 618 3202 et
645 3143 921 3201 miracula
947 3142 1194 3202 libenter
1218 3143 1459 3216 audiret,
1479 3163 1620 3203 nam
1649 3156 1709 3205 et
1733 3144 1861 3221 ipsa
1880 3143 2228 3205 indumenta

2256 2780 2324 2837 ²5

256 3239 418 3312 quasi
462 3239 638 3314 patris
680 3241 874 3298 adhuc
913 3240 1141 3316 corpori
1188 3240 1545 3322 circumdata
1586 3241 1736 3301 miro
1777 3244 2228 3303 deosculabatur
2253 3265 2326 3320 30

571 3355 592 3386 ¹
625 3358 885 3406 XXVIII
909 3375 995 3408 ms,
1368 3359 1410 3395 ¹⁷
1441 3363 1662 3411 claritate
1689 3377 1750 3424 pr
1769 3377 1901 3411 man.

445 3436 486 3467 ¹⁹
518 3438 900 3503 invenerunt-pr
931 3454 1061 3490 man.
1260 3461 1269 3470 ·
1630 3439 1672 3472 ²²
1706 3457 1911 3505 mag-nae
1940 3456 2029 3490 ms.
