2567 3750
291 202 386 284 24]
650 216 920 271 BEDA'S
958 220 1090 269 ΒΜ»
1099 220 1203 267 ΤΗ
1238 190 1405 267 ΑΜ)
1445 220 1702 269 EDUCA
1715 216 1906 267 TJON.
2057 180 2060 187 ’
2152 217 2259 276 171

282 345 480 417 nensis
500 346 779 407 ecclesiae
797 347 1149 407 Aedilbaldo
1177 367 1312 423 rege
1338 346 1694 406 Merciorum
1714 367 1787 406 xv
1808 357 2016 423 agente
2043 366 2265 409 annum

284 460 506 519 lnperu.

299 727 601 851 HAEC
643 727 719 786 de
751 725 991 785 historia
1028 724 1422 785 ecclesiastica
1464 725 1870 786 Brittaniarum
1913 739 1971 788 et
2011 728 2265 791 maxime

525 825 720 901 gentis
774 826 1121 900 Anglorum‚
1166 834 1338 900 prout
1386 826 1483 883 uel
1528 844 1603 883 ex
1641 824 1845 885 litteris
1889 825 2263 901 antiquorum

227 941 259 1001 5
286 922 383 981 uel
411 940 485 981 ex
510 921 825 981 traditione
853 920 1138 979 maiorum
1172 921 1270 977 uel
1308 939 1381 978 ex
1417 939 1550 978 mea
1586 921 1713 996 ipse
1751 920 2088 996 cognitione
2116 922 2264 981 scire

286 1015 469 1094 potui,
512 1016 756 1075 domino
802 1016 1116 1076 adiuuante
1159 1015 1374 1091 digessi
1417 1019 1615 1075 Baeda
1655 1019 1906 1076 famulus
1949 1017 2166 1078 Christi
2209 1030 2268 1077 et

285 1116 584 1191 presbyter
629 1113 964 1172 monasterii
1005 1116 1313 1185 beatorum
1355 1115 1756 1188 apostolorum
1799 1116 1956 1172 Petn
1997 1125 2058 1173 et
2099 1114 2267 1172 Pauli

287 1210 454 1286 quod
480 1218 571 1268 est
597 1208 673 1266 ad
700 1207 1097 1266 Viuraemuda
1124 1218 1182 1266 et
1213 1211 1548 1283 Ingyruum.

410 1305 530 1379 Qui
555 1315 727 1363 natus
760 1303 821 1363 in
863 1303 1148 1362 territorio
1188 1304 1454 1362 eiusdem
1497 1302 1850 1375 monasterii,
1897 1324 2035 1365 cum
2077 1323 2266 1363 essem

192 1422 265 1461 10
287 1420 575 1460 annorum
605 1411 845 1476 septem,
877 1419 1016 1458 cura
1045 1400 1509 1474 propinquorum
1553 1400 1722 1457 datus
1759 1419 1889 1457 sum
1927 1400 2270 1459 educandus

288 1493 758 1556 reuerentissimo
781 1494 983 1553 abbati
1013 1495 1335 1553 Benedicto
1367 1513 1436 1552 ac
1478 1493 1694 1552 deinde
1729 1494 2056 1556 Ceolfrido:
2098 1514 2272 1552 eunc-

287 1603 535 1667 tumque
563 1611 636 1650 ex
657 1611 729 1650 eo
751 1601 983 1666 tempus
1004 1590 1160 1648 uitae
1183 1591 1243 1647 in
1267 1589 1529 1648 eiusdem
1553 1589 1888 1648 monasterii
1911 1589 2270 1649 habitatione

287 1708 572 1766 peragens
599 1707 839 1747 omnem
881 1686 1235 1763 meditandis
1278 1685 1571 1762 scripturis
1613 1705 1851 1761 operam
1895 1685 2051 1759 dedi,
2093 1696 2269 1761 atque

288 1783 439 1842 inter
471 1781 904 1842 obseruantiam
947 1781 1290 1856 disciplinae
1331 1780 1604 1857 regularis
1647 1792 1705 1839 et
1746 1779 2106 1841 cotidianam
2135 1800 2269 1838 can-

194 1897 261 1956 15
290 1879 456 1939 tandi
482 1879 543 1938 in
579 1878 825 1938 ecclesia
856 1898 1055 1936 curam
1097 1896 1328 1953 semper
1366 1888 1468 1935 aut
1509 1878 1731 1938 discere
1774 1888 1874 1936 aut
1916 1878 2131 1936 docere
2170 1887 2271 1936 aut

291 1974 541 2035 scribere
570 1975 743 2033 dulce
773 1973 967 2032 habui.
2070 2039 2083 2058 ·

411 2069 826 2130 Nonodecimo
853 2080 1049 2127 autem
1086 2068 1240 2127 uitae
1277 2088 1445 2127 meae
1482 2088 1640 2127 anno
1675 2068 2073 2140 diaconatum,
2103 2068 2270 2128 trice-

292 2168 443 2228 simo
510 2170 755 2245 gradum
821 2167 1267 2243 presbyteratus,
1334 2176 1648 2240 utrumque
1722 2185 1826 2241 per
1887 2164 2271 2225 ministerium

292 2257 764 2324 reuerentissimi¹
794 2262 1053 2338 episcopi
1102 2262 1387 2321 Iohannis
1433 2262 1671 2321 iubente
1719 2263 2018 2322 Ceolfrido
2061 2263 2273 2322 abbate

197 2383 267 2421 20
295 2360 542 2437 suscepi.
1780 2349 1783 2352 ’

415 2461 505 2518 Ex
531 2476 651 2533 quo
678 2467 942 2532 tempore
971 2454 1198 2531 accepti
1235 2455 1667 2531 presbyteratus
1705 2475 1893 2532 usque
1933 2456 2009 2518 ad
2050 2474 2272 2520 annum

295 2555 499 2615 aetatis
540 2574 706 2613 meae
747 2552 887 2611 lviiii
928 2553 1076 2610 haec
1116 2551 1179 2612 in
1220 2552 1562 2626 scripturam
1606 2562 1868 2612 sanctam
1909 2572 2076 2614 meae
2118 2572 2276 2612 meo-

294 2669 541 2726 rumque
565 2648 894 2720 necessitati
917 2667 987 2707 ex
1015 2646 1314 2722 opusculis
1334 2647 1757 2708 uenerabilium
1776 2658 2006 2723 patrum
2023 2647 2277 2707 breuiter

294 2746 574 2805 adnotare
618 2743 741 2802 siue
784 2743 959 2801 etiam
1007 2743 1085 2822 ad
1132 2743 1380 2800 formam
1429 2761 1635 2801 sensus
1678 2752 1736 2801 et
1784 2741 2275 2820 interpretationis

198 2856 264 2913 25
294 2861 498 2904 eorum
528 2839 931 2916 superadicere
959 2838 1174 2897 curaui.

417 2940 433 2972 ⁶
451 2939 525 2996 In
566 2934 916 3012 principium
957 2934 1201 3009 genesis,
1243 2952 1432 3008 usque
1472 2934 1550 2991 ad
1591 2932 1957 2999 natiuitatem
2000 2936 2169 2995 Isaac
2216 2945 2277 2996 et

294 3031 608 3092 iectionem
638 3030 962 3101 IsmaheIiS,
992 3028 1170 3088 libros
1199 3027 1297 3090 iiii.

415 3130 431 3162 ‘
449 3129 545 3186 De
584 3126 961 3186 tabernaculo
1004 3135 1062 3184 et
1102 3124 1258 3182 uasis
1304 3122 1430 3183 eius
1476 3142 1548 3182 ac
1600 3122 1864 3183 uestibus
1906 3125 2277 3183 sacerdotum

291 3224 471 3285 libros
494 3224 574 3283 iii.

195 3335 271 3392 30
416 3324 432 3354 ⁴
450 3322 524 3380 In
551 3319 799 3396 primam
825 3328 1050 3396 partem
1087 3317 1431 3392 Smnuhelis,
1462 3317 1525 3376 id
1562 3327 1650 3380 est
1687 3336 1876 3394 usque
1912 3315 1989 3376 ad
2027 3325 2276 3380 mortem

294 3414 498 3490 SauIiS,
527 3414 704 3480 libros
731 3414 809 3474 iii.
879 3483 884 3488 .
2243 3451 2252 3482 1
