2567 3750
306 218 365 302 2]
943 234 1255 286 CHURCH
1288 232 1607 283 SINGJNG.
2170 235 2282 291 299

302 379 334 411 a
354 362 491 411 short
511 361 680 425 litany,
708 361 791 413 the
815 359 991 410 Lord’s
1011 376 1201 427 prayer,
1228 360 1314 410 the
1335 359 1561 423 apostles’
1586 360 1729 409 creed
1763 361 1862 408 and
1888 361 1972 410 the
1995 369 2069 411 ter
2090 369 2286 413 sanctus

299 444 354 492 in
384 443 472 494 As
503 443 766 502 character,
806 443 895 491 but
926 443 1011 493 the
1048 443 1292 507 language
1328 441 1511 491 Greek.
1581 442 1677 491 See
1717 442 1906 492 Ussher
1942 443 2005 492 de
2028 444 2283 492 Romanae

300 522 533 574 ecclesiae
562 524 787 586 symbolo
818 523 963 572 Lond
997 521 1133 585 1647.
1207 523 1423 586 Heurtly
1443 523 1699 572 harmonia
1730 524 2000 586 symbolica
2023 524 2130 574 Oxf
2160 525 2282 586 1858

300 604 398 653 and
431 619 518 668 esp
553 604 595 655 C
624 604 664 656 P
701 604 904 667 Caspari
938 604 1288 667 ungedruckte‚
1332 604 1658 654 unbeachtete
1692 605 1794 654 und
1831 606 1993 668 wenig
2028 606 2285 656 beachtete

239 692 270 751 5
302 684 516 746 Quellen
552 701 636 734 zur
674 684 838 734 Gesch
871 685 959 733 des
993 686 1340 748 Taussymbols
1375 696 1441 732 111
1482 685 1777 735 Christiania
1817 689 1935 749 1875
1969 685 2176 752 (passim
2198 703 2286 751 esp

307 765 572 828 188—-199,
603 776 872 825 219—234.
897 760 1189 824 466-510).
1256 763 1441 812 Aicuin
1470 778 1533 826 ep
1559 775 1650 824 257
1674 764 1794 812 cites
1824 764 2006 813 Greek.
2072 764 2125 812 id
2147 771 2286 813 sanct

302 844 440 892 Ebor
465 857 683 907 1542—9
705 843 925 908 specifies
949 844 1119 893 Athan
1144 845 1241 895 Bas
1264 844 1325 892 Io
1348 844 1507 907 Chrys
1524 844 1716 893 Aristot
1738 860 1918 907 among
1942 845 2027 892 the
2049 852 2286 894 treasures

302 922 361 971 of
376 922 517 971 York
538 922 732 986 library.
804 922 1068 986 Theganus
1088 923 1193 971 uita
1217 922 1460 972 Ludouici
1483 923 1586 986 imp
1610 909 1803 987 (Missgne
1818 934 1909 971 cvl
1929 920 2059 986 413⁰)
2082 923 2288 987 lingua

305 1003 530 1052 Graeca
574 1011 632 1053 et
679 1003 895 1053 Latina
938 1003 1117 1052 ualde
1160 1004 1442 1062 erudituS,
1482 1004 1588 1052 sed
1632 1004 1917 1052 Graecam
1958 1003 2172 1052 melius
2203 1004 2284 1052 in·

207 1093 275 1133 10
302 1082 590 1146 tellegere
622 1090 857 1146 poterat
891 1099 1061 1147 quam
1105 1083 1311 1147 loqui;
1366 1083 1643 1132 Latinam
1686 1097 1837 1131 uero
1868 1083 2020 1131 sicut
2052 1090 2285 1132 natura-

303 1163 416 1214 lem
454 1164 796 1228 aequaliter
837 1164 1004 1228 loqui
1049 1172 1301 1228 poterat.
1375 1164 1525 1212 From
1559 1164 1643 1213 the
1681 1179 1781 1212 ann
1812 1171 2005 1212 monast
2040 1161 2203 1227 (Wav)
2239 1175 2284 1213 11

309 1259 397 1309 155
432 1248 588 1296 under
619 1248 704 1296 the
742 1262 858 1310 year
888 1255 975 1308 741
1007 1262 1082 1295 we
1111 1247 1229 1306 find,
1261 1247 1518 1295 Romanae
1549 1246 1782 1295 ecclesiae
1816 1257 2029 1293 Lxxxlx
2062 1245 2286 1295 Zacarias

303 1328 564 1391 praesidet.
628 1328 711 1377 hic
733 1329 883 1378 libros
906 1328 1251 1392 decalogorum
1271 1329 1406 1378 beati
1428 1329 1653 1391 Gregorii
1676 1328 1739 1377 de
1766 1329 1945 1377 Latino
1967 1328 2018 1375 in
2041 1328 2286 1378 Graecum

303 1407 465 1457 vertit.

207 1493 274 1552 15
401 1486 443 1535 P
464 1486 538 1544 92
566 1484 627 1536 26
661 1498 828 1535 sowos
861 1499 1148 1536 CANTANm
1184 1499 1246 1535 IN
1282 1499 1542 1536 Eccuzsm
1573 1487 1593 1535 1
1635 1489 1694 1536 28
1728 1504 1775 1537 n.
1820 1503 1853 1551 p
1887 1500 1950 1552 93
1981 1487 2101 1549 1⁴23.
2134 1503 2168 1551 p
2198 1501 2286 1549 114

303 1568 321 1616 l
348 1583 420 1617 10.
455 1582 489 1631 p
517 1566 932 1632 125119-1261
958 1582 1001 1628 3.
1040 1583 1074 1631 p
1102 1579 1186 1629 171
1213 1567 1231 1615 l
1260 1583 1333 1629 14.
1373 1579 1411 1615 v
1444 1566 1475 1615 6
1505 1584 1565 1631 pr
1586 1569 1735 1616 abbat
1759 1568 2014 1617 I-Ierebald
2036 1583 2145 1632 says
2175 1584 2286 1617 cum

292 1649 547 1710 primaeuo
567 1649 905 1697 adulescentiae
921 1655 1125 1711 tempore
1143 1648 1201 1695 in
1221 1648 1343 1695 clero
1365 1649 1500 1696 illius
1530 1648 1608 1710 [of
1629 1649 1763 1711 John
1796 1648 1853 1696 of
1879 1648 2134 1712 Beverley]
2156 1649 2285 1712 dege·

303 1744 407 1777 rem
444 1730 629 1793 legendi
660 1730 847 1792 qm‘dem
879 1729 1221 1791 canendique
1252 1729 1426 1778 studiis
1461 1730 1685 1778 traditus.
1756 1740 1794 1776 v
1833 1742 1891 1776 αα
1932 1726 2065 1792 (end)
2108 1727 2288 1777 Beda’s

305 1810 464 1860 friend
487 1811 625 1859 Acca
656 1818 1028 1860 cantatorem
1060 1826 1241 1873 quoque
1259 1811 1499 1872 egregium
1521 1810 1745 1858 uocabulo
1764 1810 1967 1868 Maban‚
1993 1808 2081 1872 qui
2102 1824 2134 1856 a
2164 1824 2285 1857 suc-

205 1904 282 1943 20
306 1891 643 1939 cessoribus
674 1890 1102 1954 discipulorum
1133 1890 1296 1938 beati
1327 1905 1513 1953 papae
1537 1889 1810 1953 Gregorii
1843 1890 1902 1938 in
1926 1889 2139 1938 Cantia
2170 1889 2285 1938 fue·

306 1976 397 2020 rat
430 1972 708 2020 cantandi
741 1986 916 2020 sonos
949 1972 1206 2030 edoctuS,
1244 1972 1317 2019 ad
1346 1987 1394 2020 se
1419 1988 1616 2035 suosque
1636 1973 1950 2021 instituendos
1976 1974 2187 2021 accersiit
2213 1974 2289 2034 [to

308 2053 565 2113 Hexham]
586 2069 643 2101 ac
654 2060 749 2116 per
766 2068 923 2101 annos
942 2053 1182 2101 duodecim
1204 2056 1373 2113 tenuit,
1404 2062 1638 2117 quatenus
1656 2062 1713 2115 et,
1749 2072 1873 2119 quae
1900 2056 1983 2103 illi
2011 2071 2112 2104 non
2145 2071 2287 2103 noue·

306 2141 440 2194 rant,
467 2134 691 2182 carmina
712 2134 1010 2183 ecclesiastica
1030 2135 1206 2183 doceret
1223 2141 1267 2183 et
1284 2151 1355 2193 ea,
1379 2151 1501 2199 quae
1526 2137 1769 2199 quondam
1804 2137 1991 2198 cognita
2024 2137 2162 2200 longo
2192 2151 2288 2184 usu

307 2215 388 2262 uel
406 2215 694 2278 neglegentia
715 2216 982 2265 inueterare
998 2224 1254 2280 cosperant,
1278 2218 1428 2266 huius
1447 2219 1664 2267 doctrina
1684 2213 1906 2282 p'nkcum
1938 2225 2291 2268 renouarentur

208 2306 238 2343 2
248 2301 279 2360 5
308 2294 366 2341 in
402 2299 600 2344 statum.
685 2310 805 2342 nam
842 2302 888 2343 et
922 2297 1019 2358 ipse
1058 2298 1294 2360 episcopus
1330 2300 1460 2346 Acca
1498 2306 1769 2347 cantator
1812 2304 1920 2346 erat
1947 2298 2285 2360 peritissimus.

312 2376 396 2424 He
419 2390 518 2424 was
541 2375 644 2424 first
666 2376 857 2424 trained
877 2378 1034 2425 under
1056 2378 1199 2437 Boza,
1240 2379 1360 2426 then
1391 2379 1547 2427 under
1581 2377 1795 2440 W'lfrid,
1825 2378 1988 2426 whom
2011 2377 2073 2427 he
2096 2392 2287 2426 accom-

309 2455 492 2518 panied
528 2463 584 2504 to
618 2456 782 2505 Rome.
854 2456 928 2505 As
969 2472 1064 2505 one
1102 2458 1253 2507 result
1289 2459 1345 2506 of
1370 2459 1447 2507 his
1468 2459 1580 2508 visit
1603 2465 1656 2507 to
1681 2460 1840 2507 Rome
1861 2459 1913 2506 in
1936 2457 2029 2518 678
2053 2458 2290 2506 Benedict

310 2535 492 2599 Biscop
530 2534 581 2599 (h
614 2551 645 2583 a
677 2551 712 2599 p
756 2548 845 2599 295
886 2550 946 2597 24
971 2535 1027 2599 S)
1064 2538 1335 2586 ordinem
1368 2540 1654 2588 cantandi
1686 2539 1990 2603 psallendi
2025 2545 2199 2602 atque
2230 2539 2291 2586 in

311 2615 568 2664 ecclesia
621 2615 1000 2664 ministrandi
1054 2616 1217 2666 iuxta
1264 2634 1486 2667 morem
1543 2620 1841 2668 Romanae
1890 2618 2292 2668 institutionis

208 2713 285 2768 30
313 2713 419 2746 suo
462 2698 834 2747 monasterio
876 2698 1262 2759 contradidit,
1308 2701 1550 2763 postulato
1585 2701 1803 2748 uidelicet
1841 2707 1983 2762 atque
2020 2705 2200 2762 accepto
2231 2699 2292 2746 ab

311 2778 567 2839 Agathone
596 2784 733 2840 papa
779 2777 1193 2827 archicantore
1241 2779 1447 2827 ecclesiae
1482 2779 1603 2827 beati
1636 2779 1835 2842 apostoli
1874 2778 2011 2826 Petri
2049 2783 2097 2825 et
2134 2778 2296 2825 abbate

312 2857 594 2905 monasterii
633 2856 758 2905 beati
799 2858 1024 2906 Martini
1068 2860 1350 2919 Iohanne,
1403 2875 1543 2923 quem
1590 2860 1673 2907 sui
1708 2860 1948 2923 ficturum
2003 2859 2292 2920 magistrum

311 2937 593 2984 monasterii
637 2937 919 2985 Romanum
974 2939 1021 2986 A
1028 2939 1156 3002 nglis
1211 2940 1473 2989 adduceret.
1582 2939 1672 3002 qui
1729 2938 1814 2986 illo
1854 2937 2143 3000 perus-niens
2194 2953 2296 2986 non

310 3015 466 3063 solum
515 3017 639 3063 uiua
680 3032 791 3066 uoce
829 3032 952 3080 quae
991 3018 1174 3066 Romae
1213 3019 1383 3066 didicit
1420 3018 1719 3066 ecclesiastica
1751 3016 2031 3064 discentibus
2071 3015 2288 3070 tradidit,

208 3113 241 3170 3
252 3110 283 3169 5
311 3096 397 3144 sed
431 3102 477 3144 et
519 3111 621 3144 non
659 3103 826 3159 pauca
874 3099 1018 3146 etiam
1063 3098 1236 3146 litteris
1284 3098 1523 3146 mandata
1566 3097 1778 3160 reliquit,
1819 3111 1941 3159 quae
1971 3096 2198 3144 hactenus
2238 3094 2294 3141 in

311 3177 518 3224 eiusdem
555 3177 838 3226 monasterii
868 3178 1137 3226 bibliotheca
1167 3179 1424 3226 memoriae
1445 3177 1621 3240 gratia
1656 3183 1933 3224 seruantur.
1994 3185 2128 3223 'conc
2163 3173 2295 3220 Rom

314 3269 343 3317 5
379 3256 498 3320 July
536 3269 627 3321 595
670 3255 823 3321 (Greg
859 3273 926 3320 op
962 3269 1006 3306 11
1046 3258 1168 3306 1288
1204 3257 1265 3306 ed
1312 3259 1433 3307 Ben.
1485 3256 1649 3305 Mansi
1687 3267 1751 3304 1x
1798 3252 1938 3303 1226.
1972 3265 2013 3303 x
2044 3251 2187 3315 475):
2228 3252 2297 3300 ‘it

312 3336 403 3386 has
423 3338 551 3387 been
582 3338 659 3386 for
689 3354 826 3388 some
861 3340 979 3388 time
1014 3338 1102 3389 the
1132 3339 1348 3403 practice
1380 3339 1435 3388 in
1472 3338 1556 3386 the
1595 3337 1792 3385 Roman
1824 3335 2007 3384 church
2038 3341 2092 3383 to
2123 3332 2296 3382 ordain

312 3419 501 3489 singers
537 3435 591 3469 as
629 3421 854 3481 deaconS,
896 3421 997 3471 and
1030 3421 1131 3471 still
1165 3427 1219 3470 to
1253 3420 1452 3484 employ
1483 3420 1626 3469 them.
1651 3426 1705 3468 to
1727 3418 1891 3477 chant,
1919 3416 2019 3466 and
2039 3431 2107 3466 no
2127 3415 2298 3477 longer
