2567 3750
309 226 467 287 LIFE]
733 227 847 276 EX
842 226 1013 276 POSI
1012 227 1092 274 TI
1091 227 1231 274 ONS
1274 226 1371 274 OF
1390 274 1393 277 ,
1411 226 1565 274 THE
1605 224 1850 273 BIBLE.
2172 220 2285 284 205

297 357 428 406 'cells
462 356 519 405 of
543 357 735 420 Jarrow
772 357 871 404 and
910 355 1434 413 Monk·Wearmouth,
1473 355 1671 404 Surtees
1709 370 1795 403 soc
1832 368 1909 419 529,
1949 354 2072 416 1854
2114 354 2178 403 ‘a
2205 351 2291 400 life

309 434 369 484 of
393 436 528 484 Bedc
548 451 649 483 was
670 435 754 483 the
778 435 893 496 only
915 434 1066 492 book,
1095 434 1214 481 with
1238 433 1322 482 the
1349 433 1609 496 exception
1643 433 1701 482 of
1727 435 1855 481 their
1888 433 2073 482 service
2107 433 2285 490 books,

309 515 472 564 which
493 514 620 564 finds
644 531 675 563 a
706 515 846 578 place
869 515 920 563 in
942 514 1071 562 their
1099 513 1427 562 inventories'.
1497 515 1763 577 Inventory
1790 530 1913 577 1310
1943 530 1978 577 p
2004 529 2030 576 3
2064 512 2138 576 (ef
2169 529 2290 576 1313

313 610 382 659 pp
416 611 489 655 10,
536 592 613 652 1'2‚
652 609 767 657 1321
804 610 837 657 p
877 607 946 654 15,
992 606 1112 656 1333
1146 609 1180 656 p
1216 592 1299 655 21)
1344 596 1501 641 ‘unus
1543 594 1668 642 liber
1701 595 1857 643 sancti
1894 592 2098 643 Bedae'.
2170 592 2294 655 1326

254 679 285 738 5
314 690 348 738 p
376 689 431 734 15
457 675 528 735 (cf
549 677 670 737 1328
693 691 727 737 p
756 686 829 735 17,
858 687 981 735 1330
1002 689 1036 736 p
1065 673 1137 730 18,
1172 686 1289 735 1331
1316 689 1351 736 p
1380 669 1454 736 19)
1480 672 1523 735 ‘j
1543 673 1668 720 liber
1689 674 1752 721 de
1773 673 1877 721 uita
1898 673 2054 722 sancti
2076 671 2291 721 Bedae'.

321 755 441 816 1338
458 770 492 817 p
516 769 578 816 24
607 761 619 779 ⁴
629 755 649 816 j
675 755 800 802 liber
820 755 884 802 de
911 761 1079 802 sancto
1104 754 1241 801 Beda
1256 751 1285 800 '.
1338 768 1455 816 1491
1490 769 1524 816 p
1559 767 1646 813 125
1680 751 1724 815 ‘j
1750 752 2150 816 martyrologium
2183 768 2295 801 cum

316 840 473 882 tracta
497 865 510 878 .
536 867 549 881 .
576 867 589 880 .
616 834 887 882 Benedicto
913 834 1122 895 Biscope
1159 840 1208 881 et
1238 841 1411 881 sancto
1443 831 1616 891 Beda’‚
1661 833 1787 880 from
1821 832 1983 880 which
2020 832 2060 881 it
2088 847 2297 895 appears

314 912 421 979 that
443 913 527 960 the
549 912 633 960 life
656 913 714 960 of
726 913 862 961 Beda
883 928 983 961 was
1008 913 1178 960 bound
1199 929 1266 976 up
1291 912 1411 961 with
1434 913 1541 961 that
1563 913 1620 960 of
1636 912 1889 960 Benedict-

411 991 454 1043 P
487 991 523 1046 3
558 1006 587 1053 3
621 1002 976 1039 EXPOSITIONS
1010 1003 1081 1039 oF
1112 1003 1230 1039 THE
1270 1003 1433 1040 BIBLE
1487 991 1627 1040 Acca
1668 991 1948 1053 requesting
1988 989 2117 1039 from
2160 990 2299 1039 Beda

223 1089 293 1127 10
318 1070 388 1131 (in
408 1086 440 1118 a
460 1070 603 1119 letter
623 1071 786 1118 which
807 1071 871 1118 he
892 1071 1084 1132 enjoins
1116 1071 1222 1119 him
1245 1079 1297 1120 to
1320 1071 1520 1134 publish
1553 1069 1722 1119 before
1755 1071 1838 1118 the
1869 1069 2026 1130 book)
2060 1085 2091 1117 a
2123 1069 2298 1132 simple

317 1159 650 1213 commentary
684 1167 750 1199 on
790 1152 847 1199 St
881 1151 1024 1199 Luke
1060 1151 1237 1214 chiefly
1270 1151 1397 1199 after
1434 1151 1694 1209 Ambrose,
1735 1150 1878 1198 bears
1909 1151 2107 1198 witness
2138 1156 2191 1197 to
2222 1148 2301 1197 his

317 1232 518 1281 biblical
540 1232 722 1281 studies
747 1231 936 1294 (Migne
966 1243 1084 1280 XCII
1118 1246 1214 1293 304
1239 1229 1315 1292 ⁸¹²)
1353 1232 1484 1279 credo
1514 1232 1660 1279 etiam
1693 1239 1794 1279 tuo
1828 1230 2057 1293 uigilan
2071 1230 2300 1278 tissimo

319 1314 531 1368 studio,
577 1313 677 1376 qui
730 1316 789 1360 in
844 1313 974 1376 lege
1027 1313 1123 1361 dei
1177 1312 1519 1363 meditanda
1571 1312 1697 1360 dies
1752 1319 2080 1375 noctesque
2132 1309 2301 1358 ducis

320 1393 657 1457 peruigiles,
687 1394 940 1442 nonnullis
961 1394 1018 1443 in
1047 1394 1161 1442 locis
1191 1409 1315 1457 quae
1333 1393 1394 1441 ab
1422 1393 1490 1440 eis
1520 1393 1795 1440 intermissa
1823 1397 1955 1450 sunt,
1983 1390 2106 1454 quid
2131 1388 2308 1437 sentiri

228 1494 249 1533 1
261 1491 292 1550 5
320 1472 487 1531 debeat,
514 1479 686 1520 auctor
702 1473 823 1520 lucis·
842 1474 1030 1534 aperiet.
1102 1473 1285 1521 iustum
1315 1488 1526 1535 namque
1550 1472 1668 1519 satis
1691 1477 1759 1520 est
1783 1476 1829 1519 et
1856 1478 2091 1532 supernae
2105 1467 2305 1531 pietatis

321 1561 462 1617 atque
499 1554 750 1617 aequitatis
791 1553 1113 1602 moderamini
1151 1552 1450 1611 conueniens,
1499 1559 1563 1599 ut
1603 1551 1703 1615 qui
1748 1549 2043 1613 neglectis
2095 1548 2168 1596 ad
2222 1548 2302 1597 in-

324 1643 547 1699 tegrum
579 1635 777 1683 mundi
800 1635 1058 1698 negotiis
1081 1642 1383 1682 aeternum
1404 1647 1722 1695 uerumque
1743 1630 2076 1694 sapientiae
2105 1630 2305 1679 lumen

322 1718 617 1781 indefessa
653 1719 847 1765 mente
884 1715 1275 1780 persequeris,
1297 1715 1438 1762 ethic
1458 1714 1690 1776 fructum
1720 1710 2059 1773 intellegentiae
2082 1708 2306 1772 purioris

324 1797 592 1858 assequaris
633 1803 725 1845 etc.
796 1797 934 1844 Beda
983 1796 1161 1858 replies
1200 1794 1325 1857 (ibid
1349 1794 1467 1855 303⁶
1489 1794 1595 1856 seq)
1632 1808 1711 1855 ego
1739 1807 1853 1839 mox
1885 1790 2014 1855 lectis
2044 1795 2160 1836 tuae
2193 1788 2305 1836 dul-

231 1900 303 1938 20
324 1878 538 1925 cis-simae
567 1878 834 1926 sanctitatis
855 1878 1117 1940 paginulis·
1152 1877 1366 1924 iniuncti
1407 1891 1481 1924 me
1511 1876 1664 1938 operis
1689 1873 1843 1922 labori
1867 1870 2098 1935 supposui
2127 1870 2184 1920 in
2214 1884 2309 1933 quo

240 1962 243 1966 ’
327 1957 408 2016 (111
440 1958 744 2006 innumera
791 1957 1153 2005 monasticae
1197 1956 1506 2006 seruitutis
1546 1953 1877 2004 retinacula
1920 1949 2307 2016 praeteream)

326 2040 450 2103 ipse
491 2040 633 2087 mihi
678 2039 936 2087 dictator
989 2037 1162 2087 simul
1216 2037 1481 2086 notarius
1534 2044 1591 2084 et
1646 2035 1926 2083 librarius
1981 2034 2306 2081 existerem.

327 2121 481 2168 What
513 2120 676 2168 Ambr
719 2119 836 2182 Aug
879 2120 1013 2181 Greg
1053 2119 1091 2177 (‘
1106 2125 1302 2166 nostrae
1343 2117 1504 2180 gentis
1547 2116 1797 2179 apostolus
1817 2115 1849 2173 ’)
1899 2114 2026 2162 Hier
2056 2129 2113 2161 or
2144 2113 2308 2180 others

326 2199 426 2248 had
467 2201 710 2263 supplied,
747 2201 811 2249 he
855 2200 1103 2248 indicated
1133 2201 1200 2263 by
1232 2200 1361 2248 their
1392 2198 1575 2247 initials
1606 2199 1659 2246 in
1691 2198 1776 2246 the
1807 2197 2014 2259 margin,
2049 2194 2212 2243 which
2244 2194 2309 2244 he

231 2298 260 2335 2
268 2295 298 2353 5
328 2281 520 2344 adjures
546 2279 578 2342 (⁶
587 2296 671 2344 per
706 2282 962 2329 dominum
984 2279 1203 2344 legentes
1226 2280 1445 2328 obtestor
1460 2277 1492 2338 ’)
1517 2278 1834 2327 transcribers
1857 2285 1910 2325 to
1941 2276 2098 2324 retain
2122 2276 2193 2336 [111
2225 2275 2310 2324 1110

328 2360 471 2409 101101
501 2369 554 2409 10
588 2362 726 2409 Acca
758 2361 926 2409 before
970 2361 1053 2407 ‘in
1097 2360 1254 2407 Marci
1286 2374 1448 2420 euang
1485 2356 1751 2421 expositio'
1784 2357 1891 2404 ibid
1930 2369 2114 2417 133—4
2148 2354 2190 2401 is
2224 2355 2309 2402 the

328 2454 462 2488 same
494 2438 768 2502 adjuration
781 2455 795 2496 3
829 2446 909 2501 yet
938 2453 1005 2486 no
1032 2453 1159 2500 copy
1181 2438 1222 2486 is
1251 2438 1438 2486 known
1466 2438 1588 2485 with
1617 2437 1753 2484 these
1779 2434 1968 2497 marks]
2001 2435 2304 2482 nonnulla...

318 2519 517 2582 proprii
542 2518 731 2566 sudoris
777 2517 960 2565 indicia
1009 2517 1095 2564 ubi
1143 2523 1469 2579 opportunum
1518 2516 1772 2564 uidebatur
1817 2514 2046 2562 adnexui.
2116 2513 2204 2577 qui
2254 2513 2311 2561 in

328 2600 443 2662 legis
488 2599 688 2647 diuinae
731 2598 1029 2647 meditatione
1069 2598 1156 2645 etsi
1202 2613 1305 2646 non
1359 2596 1437 2655 (ut
1489 2599 1586 2660 ipse
1634 2596 1888 2658 smpszsti)
1934 2596 2031 2643 dies
2077 2601 2316 2656 noctesque

233 2693 308 2748 30
322 2679 579 2741 peruigiles
599 2679 765 2726 ducere
791 2678 984 2746 sufficio,
1011 2693 1127 2726 non
1147 2694 1350 2742 parum
1374 2684 1567 2726 tamen
1590 2677 1773 2726 studii
1796 2692 1892 2724 me·
1911 2676 1971 2724 in
2000 2676 2312 2739 scripturis

331 2761 690 2823 impendisse
721 2775 836 2807 non
869 2759 1076 2807 dubito
1108 2766 1154 2807 et
1182 2775 1237 2806 ea
1271 2758 1429 2805 solum
1460 2773 1583 2820 quae
1619 2757 1744 2805 mihi
1779 2763 1950 2804 auctor
1972 2756 2096 2803 lucis
2128 2757 2315 2819 aperire

332 2841 559 2903 dignatus
576 2846 655 2898 est,
683 2855 783 2887 non
815 2839 872 2887 in
903 2839 989 2886 hoc
1018 2844 1216 2886 tantum
1246 2839 1483 2900 opusculo,
1520 2837 1604 2884 sed
1635 2837 1692 2885 in
1721 2836 1859 2883 omni
1879 2844 2091 2898 prorsus
2124 2836 2317 2884 lectitme

323 2921 533 2985 potuisse
558 2921 730 2981 uz'dere,
756 2921 814 2969 id
842 2926 910 2969 est
944 2926 1062 2968 recte
1095 2919 1334 2968 sentz'mdo
1361 2918 1641 2981 dignoscere.
1715 2918 1779 2966 In
1817 2917 1900 2965 the
1923 2917 2229 2981 prooemium
2263 2926 2315 2966 to

333 3003 466 3052 book
497 3015 556 3052 1v
578 3003 635 3050 of
660 3002 745 3051 the
776 3016 910 3049 same
943 3009 1279 3062 commentary
1313 3000 1437 3059 (ibid
1469 3013 1562 3061 475
1578 2999 1615 3061 ⁰)
1650 2999 1920 3062 beginning
1944 2998 2066 3047 with
2094 3015 2125 3047 a
2153 2999 2312 3048 lesson

234 3089 305 3149 35
337 3084 382 3142 (0
403 3099 456 3132 11
488 3084 565 3143 14)
583 3082 635 3130 in
666 3080 828 3129 which
863 3080 947 3127 the
979 3079 1119 3141 spirit
1153 3080 1211 3127 of
1239 3080 1380 3142 pride
1411 3079 1453 3128 is
1483 3085 1586 3127 cast
1620 3086 1707 3127 out
1736 3079 1802 3141 by
1826 3078 1911 3126 the
1941 3077 2096 3142 finger
2116 3077 2174 3126 of
2201 3079 2312 3128 God

331 3169 486 3217 tuam,
525 3160 725 3219 Chm‘ste,
756 3157 1050 3206 clementiam
1094 3158 1374 3220 suppliciter
1405 3159 1624 3220 imploro,
1670 3163 1729 3206 ut
1774 3157 1979 3220 spiritus
2008 3163 2126 3204 tuus
2167 3156 2318 3205 bonus

331 3242 529 3289 decimat
565 3256 640 3289 me
663 3241 720 3288 in
752 3240 889 3287 uiam
919 3255 1113 3295 rectam,
1135 3244 1180 3286 et
1205 3254 1316 3286 eum
1351 3238 1442 3301 qui
1473 3238 1532 3285 ab
1569 3237 1793 3299 aquilone
1822 3240 1902 3294 est,
1937 3235 2074 3296 longe
2087 3234 2252 3297 faciat
2284 3249 2317 3281 a

334 3337 419 3380 me,
454 3328 690 3384 quatenus
716 3318 865 3367 et'ectzs
895 3334 928 3365 a
959 3334 1035 3368 me
1063 3318 1296 3381 malzgvm's
1325 3323 1510 3365 scruter
1539 3317 1776 3365 mndata
1822 3315 1900 3364 dei
1941 3314 2037 3362 mei
2080 3314 2309 3362 reuelatis·

332 3417 424 3468 que
467 3400 641 3453 menta-
677 3400 825 3450 oculis
870 3407 943 3450 ad
988 3399 1334 3450 consideranda
1385 3404 1499 3450 tuae
1545 3404 1871 3448 sacrosanctae
1910 3395 2025 3458 legis
2071 3394 2318 3444 mirabilia
