2567 3750
688 816 1066 877 INCIPIT
1141 810 1429 872 LIBER
1496 815 1903 874 TERTIVS

376 1030 916 1095 HISTORIAE
992 1028 1808 1094 ECCLESIASTICAE
1884 1028 2231 1092 GENTIS

1026 1148 1585 1213 ANGLORVM.

507 1400 711 1448 HAEC
760 1398 1292 1450 CONTINENTVR
1337 1401 1416 1448 IN
1465 1400 1683 1449 LIBRO
1732 1399 2114 1450 CAPITVLA.

431 1560 456 1607 Ι
610 1561 679 1610 Ut
749 1560 871 1608 rimi
899 1575 1172 1608 successores
1205 1559 1426 1608 Aeduini
1466 1560 1589 1624 regis
1627 1565 1674 1607 et
1694 1559 1847 1623 fidem
1868 1575 1985 1607 suae
1998 1559 2163 1623 gentis
2183 1565 2301 1621 pro-

632 1625 689 1672 dt
716 1631 862 1672 erunt
903 1631 948 1672 et
986 1641 1191 1687 regnum
1220 1633 1375 1687 porro
1424 1624 1668 1673 Osualdus
1718 1625 1760 1672 C
1756 1624 2167 1672 lzrzstzamsszmus
2214 1639 2302 1671 rex

633 1696 894 1750 utrumque
911 1691 1221 1737 restaurauit.

415 1768 469 1815 11
613 1769 682 1818 Ut
699 1769 757 1815 de
774 1769 906 1831 ligno
927 1770 1082 1816 crucis
1101 1769 1233 1830 quod
1256 1769 1379 1816 idem
1413 1784 1512 1816 rex
1529 1775 1699 1816 contra
1731 1767 1958 1816 barbaros
1977 1774 2301 1830 pugnaturus

633 1839 858 1892 erexerat,
907 1833 1038 1881 inter
1084 1834 1351 1881 innumera
1404 1833 1672 1881 sanitatum
1722 1833 1983 1891 miracula,
2025 1831 2223 1895 quidam
2269 1848 2300 1878 a

634 1897 834 1944 dolentis
853 1897 1042 1946 brachii
1057 1899 1122 1945 sit
1139 1898 1376 1960 languore
1393 1903 1605 1945 curatus.

401 1976 485 2024 III
609 1977 678 2027 Ut
700 1976 823 2024 idem
851 1993 937 2025 rex
956 1978 1216 2040 postulans
1242 1979 1301 2025 de
1322 1984 1462 2041 gente
1487 1979 1755 2025 Scottorum
1785 1977 2048 2025 antistitem
2080 1978 2303 2039 acceperat

632 2040 1162 2154 gzdssgzrzcatzmeiffemque
1188 2042 1243 2090 in
1273 2043 1440 2089 insula
1472 2041 1881 2104 Lindisfarnensi
1898 2043 2046 2090 sedem
2067 2042 2298 2104 episcopa-

394 2182 510 2232 1111
608 2185 816 2244 Quando
828 2201 947 2247 gens
969 2185 1380 2249 Pictorumfidem
1409 2184 1596 2234 Christi
1602 2186 1874 2248 pacepm’t.

422 2264 470 2311 V
604 2265 685 2312 De
704 2265 809 2312 uita
830 2267 877 2313 A
882 2266 1024 2315 ulani
1040 2267 1252 2329 episcopi.
1409 2320 1413 2325 ,

406 2347 484 2396 VI
601 2348 681 2396 De
699 2346 922 2409 religvbne
940 2363 996 2395 ac
1008 2348 1182 2409 pietate
1203 2347 1435 2395 miranda
1464 2347 1672 2395 Osualdi
1689 2348 1826 2410 regis.

390 2425 496 2476 VII
610 2428 678 2476 Ut
692 2427 954 2489 prouincia
978 2428 1353 2475 Occidentalium
1376 2428 1630 2475 Saxonum
1653 2429 1852 2475 uerbum
1874 2426 1976 2474 Dei
1991 2425 2304 2488 praedicante

632 2491 816 2540 Birino
872 2492 1123 2553 susceperit
1133 2507 1157 2550 ;
1209 2499 1254 2540 et
1304 2492 1361 2541 de
1408 2492 1743 2539 successoribus
1795 2493 1894 2539 eius
1941 2491 2208 2553 Agilbercto
2260 2495 2304 2537 et

634 2555 903 2603 Leutlzerio.

374 2634 513 2685 VIII
606 2637 674 2685 Ut
694 2652 783 2685 rex
806 2637 1190 2684 Cantuariorum
1214 2636 1542 2684 Earconberct
1562 2635 1691 2683 idola
1716 2634 1899 2683 destrui
1919 2634 2223 2696 praeceperit.
2259 2641 2304 2682 et

634 2700 691 2748 de
711 2699 831 2764 filia
863 2701 965 2748 eius
1000 2703 1312 2764 Earcongota
1345 2708 1389 2749 ct
1409 2700 1693 2763 propinqua
1736 2700 2055 2760 Aeszbcrgae,
2098 2700 2302 2746 sacratis

634 2765 738 2812 Deo
756 2765 1049 2826 uirginibus.

407 2842 486 2893 lx
612 2844 680 2894 Ut
711 2845 766 2893 in
802 2846 897 2892 loco
934 2844 990 2892 in
1025 2861 1117 2908 quo
1152 2846 1329 2893 occisus
1365 2850 1431 2893 est
1467 2860 1554 2893 rex
1598 2845 1797 2905 Osuald,
1831 2845 1994 2893 crebra
2030 2845 2299 2893 sanitatum

636 2908 878 2956 miracula
898 2908 1057 2971 facta,
1086 2915 1232 2972 utque
1250 2910 1318 2957 ibi
1332 2910 1500 2972 primo
1521 2910 1793 2958 iumentum
1825 2909 2079 2956 cuiusdam
2113 2909 2300 2956 uiantis

634 2989 693 3020 ac
713 2974 881 3021 deinde
888 2974 1055 3036 puella
1076 2975 1141 3021 sit
1148 2974 1418 3036 paralitica
1440 2980 1629 3021 curata.

423 3050 474 3099 X
611 3050 679 3099 Ut
689 3052 863 3114 puluis
882 3052 973 3100 loci
991 3054 1128 3101 illius
1147 3058 1317 3101 contra
1338 3054 1506 3117 ignem
1530 3053 1758 3101 ualuerit.

401 3130 478 3180 XI
610 3131 677 3181 Ut
716 3138 863 3194 super
900 3133 1130 3196 reliquias
1170 3134 1272 3181 eius
1313 3134 1407 3181 lux
1449 3135 1653 3182 caelestis
1695 3141 1792 3182 tota
1843 3138 1975 3182 nocte
2032 3134 2207 3181 steterit
2258 3138 2305 3181 et

636 3201 694 3243 ut
702 3203 797 3258 per
814 3212 891 3244 eas
908 3197 1012 3245 sint
1029 3198 1295 3245 demoniaci
1311 3200 1484 3247 curati.

390 3271 500 3322 XII
613 3273 682 3323 Ut
698 3274 771 3321 ad
785 3276 999 3324 tumbam
1020 3278 1121 3324 eius
1140 3276 1206 3324 sit
1213 3276 1457 3339 puerulus
1476 3277 1645 3339 estbre
1661 3285 1875 3326 curatus.

376 3354 518 3406 XIII
610 3356 1014 3468 &aggerata
1035 3357 1098 3406 sit
1118 3359 1321 3421 quidam
1345 3365 1439 3421 per
1458 3359 1688 3423 reliquias
1706 3359 1807 3408 eius
1830 3375 1862 3406 a
1896 3358 2064 3407 mortis
2094 3354 2302 3406 articulo

484 3531 542 3575 B.
2104 3534 2133 3572 2
