2567 3750
267 199 359 258 50
489 194 1071 244 MIRACLES·AND
1118 195 1563 244 CHARACTER
1612 195 1709 245 OF
1741 195 2022 245 AEDAN.
2122 177 2254 261 [111

282 324 501 383 circum
542 335 753 385 cuncta
792 323 1131 384 uorantibus
1171 322 1403 383 absumi
1451 343 1575 384 non
1622 323 1828 400 potuit.
1914 343 2036 401 quo
2083 324 2261 384 clare-

280 432 484 483 scente
536 420 815 480 miraculo
870 439 1010 479 mox
1061 420 1283 479 ibidem
1338 420 1586 480 ecclesia
1632 431 1956 479 restaurata
2002 431 2062 480 et
2106 419 2260 480 haec

280 517 490 575 eadem
528 515 759 575 destina
795 515 855 573 in
891 515 1322 576 munimentum
1360 527 1449 577 est
1484 517 1737 594 parietiS‚
1776 528 1842 577 ut
1877 529 2015 577 ante
2051 518 2255 590 fuerat,

277 612 600 672 forinsecus
636 613 924 688 adposita.
1003 631 1351 688 rursumque
1385 625 1626 690 peracto
1663 625 1927 690 tempore
1955 612 2258 690 aliquanto

277 709 474 768 euenit
506 728 611 785 per
646 709 875 783 culpam
915 707 1174 767 incuriae
1209 707 1408 767 uicum
1448 711 1702 769 eundem
1734 722 1794 770 et
1821 709 2008 785 ipsam
2044 709 2260 785 pariter
2332 730 2372 789 5

277 803 584 862 ecclesiam
626 802 857 879 ignibus
897 802 1179 861 consumi.
1265 805 1371 863 sed
1415 823 1491 864 ne
1536 815 1676 864 tunc
1720 804 1959 880 quidem
2003 804 2256 863 eandem

277 912 513 977 tangere
567 901 803 959 flamma
843 898 1135 958 destinam
1175 901 1449 972 ualebat3
1518 910 1577 960 et
1617 920 1751 958 cum
1792 918 2009 976 magno
2049 897 2254 976 utique

274 996 555 1054 miraculo
582 995 709 1073 ipsa
736 995 859 1055 eius
887 996 1171 1055 foramina
1206 994 1537 1071 ingrediens
1575 996 1786 1071 quibus
1821 994 2091 1055 aedificio
2129 1006 2256 1055 erat

179 1136 195 1156 .
273 1093 467 1151 adfixa
494 1092 813 1167 perederet,
846 1090 1031 1165 ipsam
1070 1101 1269 1150 tamen
1308 1090 1541 1152 laedere
1574 1092 1906 1150 nullatenus
1940 1089 2251 1150 sinebatur.

272 1187 432 1247 unde
476 1186 648 1247 tertio
693 1186 999 1247 aedificata
1045 1185 1126 1246 ibi
1176 1184 1423 1245 ecclesia
1470 1184 1760 1245 destinam
1804 1184 1964 1243 illam
2018 1203 2140 1244 non
2187 1195 2256 1244 ut
2294 1208 2374 1246 10

253 1292 449 1340 antea
489 1279 704 1340 deforis
750 1279 809 1338 in
850 1278 1256 1340 fulcimentum
1296 1268 1507 1338 domus
1544 1280 1959 1356 adposuerunt,
2018 1280 2123 1339 sed
2170 1278 2257 1338 in-

272 1388 360 1436 tro
401 1376 590 1452 ipsam
632 1373 939 1436 ecclesiam
983 1374 1042 1434 in
1083 1375 1425 1434 memoriam
1463 1374 1725 1434 miraculi
1765 1387 2104 1452 posuerunt,
2147 1374 2253 1434 ubi

270 1471 552 1531 intrantes
593 1491 747 1549 genu
782 1471 1018 1530 flectere
1056 1490 1126 1529 ac
1162 1470 1597 1530 misericordiae
1641 1470 1877 1530 caelesti
1921 1469 2253 1548 supplicare

271 1568 569 1625 deberent.
656 1575 1001 1640 constatque
1044 1567 1261 1625 multos
1299 1585 1373 1626 ex
1408 1586 1481 1626 eo
1518 1576 1782 1643 tempore
1819 1565 2064 1643 gratiam
2103 1564 2255 1623 sani·

270 1662 405 1721 tatis
443 1661 504 1720 in
544 1662 755 1721 eodem
784 1662 918 1720 loco
952 1671 1336 1734 consecutos3
1380 1660 1523 1736 quin
1557 1661 1734 1732 etiam
1771 1660 1973 1720 astulis
2011 1679 2085 1720 ex
2120 1658 2252 1740 ipsa
2289 1683 2363 1742 15

260 1756 497 1817 ‘destina
535 1756 742 1816 excisis
780 1766 839 1815 et
877 1757 936 1815 in
977 1776 1192 1835 aquam
1224 1756 1415 1816 missis
1455 1758 1652 1833 plures
1694 1757 1806 1818 sibi
1851 1757 2086 1833 suisque
2126 1757 2250 1815 lan-

264 1872 515 1930 guorum
540 1853 801 1914 remedia
825 1853 1208 1930 conquisiere.

387 1948 602 2026 Scripsi
634 1960 831 2010 autem
868 1951 1014 2009 haec
1052 1952 1126 2009 de
1158 1969 1413 2026 persona
1438 1960 1498 2010 et
1529 1948 1803 2026 operibus
1838 1947 1948 2009 uiri
1984 1949 2248 2025 praefati,
2339 2007 2362 2019 ,

268 2064 644 2121 nequaquam
682 2044 744 2103 in
786 2064 859 2104 eo
896 2045 1143 2104 laudans
1183 2045 1280 2104 uel
1326 2043 1547 2121 eligens
1583 2045 1699 2104 hoc
1735 2045 1898 2121 quod
1935 2046 2012 2105 de
2054 2046 2250 2104 obser-

266 2141 503 2201 uatione
543 2142 795 2218 paschae
832 2140 1023 2199 minus
1059 2143 1315 2217 perfecte
1358 2141 1622 2219 sapiebat
1640 2160 1658 2214 3
1714 2139 1897 2199 immo
1940 2141 2059 2198 hoc
2099 2140 2246 2197 mul-
2277 2168 2364 2206 20

264 2252 387 2299 tum
418 2239 733 2309 detestanS,
765 2236 915 2296 sicut
951 2237 1010 2295 in
1047 2238 1197 2296 libro
1233 2257 1412 2314 quem
1440 2238 1516 2297 de
1546 2234 1906 2312 temporibus
1935 2233 2244 2311 composui

262 2333 734 2394 manifestissime
763 2332 1037 2408 probaui3
1078 2334 1183 2393 sed
1214 2334 1379 2410 quasi
1410 2352 1591 2394 uerax
1622 2332 1931 2392 historicus
1970 2331 2241 2408 simplici-

260 2444 350 2491 ter
404 2450 475 2490 ea
518 2448 676 2507 quae
723 2430 800 2487 de
840 2428 942 2488 illo
991 2428 1116 2488 siue
1165 2448 1271 2505 per
1310 2428 1473 2489 illum
1519 2439 1655 2489 sunt
1694 2439 1859 2505 gesta
1900 2427 2239 2487 describens

260 2538 321 2586 et
370 2544 521 2602 quae
565 2524 738 2583 laude
793 2534 929 2583 sunt
976 2522 1159 2599 -digna
1204 2524 1265 2583 in
1310 2525 1435 2583 eius
1489 2524 1715 2596 actibus
1770 2525 2016 2583 laudans
2063 2534 2242 2605 atque

259 2623 336 2681 ad
394 2621 703 2681 utilitatem
746 2619 1065 2695 legentium
1109 2622 1427 2681 memoriae
1475 2610 1899 2680 commendans
1917 2642 1935 2694 3
1977 2621 2237 2681 studium
2273 2653 2304 2689 2
2313 2652 2353 2711 5

260 2716 536 2776 uidelicet
584 2714 745 2790 pacis
783 2727 841 2774 et
880 2715 1134 2775 caritatis
1177 2716 1574 2776 continentiae
1612 2727 1671 2775 et
1715 2714 2076 2790 humilitatis,
2117 2716 2239 2776 ani·

262 2829 422 2867 mum
463 2809 582 2869 irae
625 2820 683 2868 et
724 2810 1003 2870 auaritiae
1044 2811 1344 2884 uictorem,
1389 2810 1691 2888 superbiae
1733 2811 1907 2871 simul
1947 2823 2007 2873 et
2046 2832 2240 2874 uanae

258 2905 473 2984 gloriae
514 2916 959 2977 contemtorem,
1001 2906 1346 2966 industriam
1379 2907 1630 2968 faciendi
1664 2907 1835 2966 simul
1877 2917 1937 2967 et
1978 2909 2238 2968 docendi

253 3000 534 3060 mandata
569 3000 859 3072 caelestia,
896 2999 1190 3060 solertiam
1223 3001 1491 3062 lectionis
1519 3013 1578 3063 et
1609 3002 1953 3078 uigiliarum,
1991 3004 2239 3063 auctori·

251 3107 438 3156 tatem
473 3095 776 3154 sacerdote
806 3094 1047 3172 dignam
1080 3097 1464 3173 redarguendi
1504 3100 1786 3173 superbos
1827 3118 1898 3158 ac
1940 3109 2232 3175 potenteS,
2265 3129 2355 3185 30

255 3189 468 3265 pariter
514 3199 574 3246 et
626 3187 886 3249 infirmos
943 3192 1291 3251 consolandi
1346 3211 1416 3251 ac
1460 3211 1743 3269 pauperes
1786 3193 2089 3253 recreandi
2134 3196 2235 3253 uel

256 3283 613 3344 defendendi
640 3287 1028 3349 clementiam.
1114 3289 1232 3366 qui,
1263 3301 1329 3351 ut
1355 3290 1608 3352 breuiter
1642 3294 1827 3354 multa
1853 3289 2235 3368 comprehen-

251 3380 412 3453 dam,
458 3391 743 3457 quantum
785 3385 862 3443 ab
905 3385 991 3445 eis
1038 3385 1141 3462 qui
1181 3387 1348 3447 illum
1390 3406 1609 3448 nouere
1651 3387 1981 3463 didicimuS,
2011 3389 2108 3448 ·nil
2154 3407 2231 3448 ex
