2567 3750
260 225 379 282 394
764 221 1084 271 MUTUAL
1128 222 1692 272 JNTERCESSJON.
2101 205 2246 289 [App

256 351 393 399 illius
411 350 471 401 ab
491 350 569 399 his
587 350 678 412 qui
693 357 935 399 nouerant
952 349 1262 412 inuestigatis,
1290 364 1497 411 quorum
1517 350 1662 397 etiam
1685 350 1887 399 nomina
1914 351 1972 401 in
2000 351 2100 414 ipso
2122 352 2247 401 libro

255 431 504 495 aliquoties
532 431 588 479 ob
619 431 855 479 indicium
885 438 1067 478 certum
1100 429 1316 493 cognitae
1345 429 1563 478 ueritatis
1592 430 1875 493 apponenda
1910 430 2141 491 indicaui}
2176 432 2247 480 sic

256 514 450 562 demum
479 512 551 561 ad
576 511 824 560 schedulas
860 527 1067 560 manum
1111 511 1296 559 mittere
1335 510 1524 574 incipio.
1594 517 1651 559 at
1686 511 1862 574 digesto
1903 512 2125 575 opusculo
2164 513 2253 561 sed

256 591 417 640 adhuc
464 598 640 640 retento
683 593 741 641 in
784 591 1020 641 schedulis
1047 590 1335 655 frequenter
1375 596 1422 638 et
1462 591 1844 641 reuerentissimo
1871 591 2043 655 fratri
2083 599 2248 641 nostro

260 672 514 736 Herefn'do
544 672 816 737 preslgytero
856 674 953 722 leuc
993 672 1288 721 aduentanti
1324 678 1369 720 et
1396 671 1526 729 aliis,
1558 673 1649 736 qui
1674 672 1861 721 diutius
1888 688 2001 721 cum
2031 674 2143 722 uiro
2171 672 2251 721 dei
2318 675 2355 735 5

259 752 528 801 conuersati
556 753 711 801 uitam
743 753 879 802 illius
910 755 1084 816 optime
1114 760 1368 813 nouerant,
1406 769 1527 817 quae
1555 754 1729 816 scripsi
1769 754 1962 817 legenda
2004 760 2147 817 atque
2184 770 2250 804 ex

259 838 462 895 tempore
495 833 807 881 retractanda
839 829 1068 898 praestiti
1100 849 1160 882 ac
1194 833 1439 882 nonnulla
1476 833 1548 881 ad
1578 833 1843 883 arbitrium
1878 851 2059 896 emm,
2090 842 2251 901 prout

259 914 566 973 uidebantur,
591 916 782 963 sedulus
802 913 1070 964 emendaui.

359 994 399 1042 P
423 992 530 1051 166
559 1006 584 1055 7
607 1006 756 1044 VERA
778 1006 887 1043 LEX
909 1007 1210 1045 msromu.
1231 1011 1266 1059 p
1292 996 1393 1057 501
1417 1010 1495 1046 αα.

390 1111 427 1135 ,,
504 1090 562 1124 ιο
595 1087 932 1124 PRAETEREA.
1004 1076 1128 1125 This
1148 1075 1314 1125 clause
1336 1076 1376 1124 is
1399 1076 1451 1125 in
1473 1082 1604 1126 most
1625 1088 1725 1127 uss
1747 1077 1924 1140 placed
1953 1083 2003 1126 at
2032 1076 2118 1126 the
2147 1077 2250 1127 end
2282 1086 2360 1127 10

261 1156 320 1206 of
343 1156 428 1207 the
455 1156 551 1205 last
579 1155 714 1205 book
744 1155 802 1205 of
823 1156 908 1204 the
935 1156 1135 1219 history.
1205 1154 1411 1206 Smith’s
1441 1163 1559 1206 note
1590 1157 1795 1207 thereon
1824 1157 1894 1216 is;
1925 1157 2013 1206 diu
2033 1157 2251 1209 mirabar

261 1239 392 1289 unde
412 1244 487 1287 tot
509 1237 702 1286 codices
722 1237 851 1286 hanc
872 1236 1140 1286 clausulam
1162 1245 1403 1300 ponerent
1424 1237 1475 1286 in
1494 1237 1590 1287 fine
1610 1237 1843 1287 historiae
1863 1244 2035 1286 contra
2055 1237 2252 1301 optima

260 1318 573 1383 exemplaria.
642 1319 730 1367 sed
760 1318 999 1368 accedens
1027 1318 1229 1369 tandem
1257 1319 1325 1367 ad
1353 1330 1424 1367 us
1450 1318 1803 1367 Cottonianum
1824 1329 1846 1366 1
1867 1317 2034 1367 inueni
2053 1317 2249 1369 hiatum

259 1397 356 1447 hoc
393 1396 506 1447 loco
542 1397 784 1465 relictum,
821 1403 873 1446 et
911 1396 1179 1445 clausulam
1218 1396 1271 1445 in
1313 1398 1522 1446 obscuro
1559 1397 1624 1446 ad
1659 1396 1809 1447 finem
1843 1396 1957 1446 libri
1991 1397 2241 1447 insertam.

260 1477 433 1526 habuit
475 1476 636 1526 scriba
675 1490 793 1540 prae
837 1475 990 1525 oculis
1034 1476 1285 1538 exemplar
1319 1475 1626 1539 primaeuum
1660 1476 1741 1524 cui
1774 1475 2107 1524 contradicere
2141 1490 2246 1525 non
2283 1488 2357 1547 15

260 1572 406 1607 ausus
442 1563 531 1617 est,
571 1556 661 1606 sed
697 1555 892 1606 suerunt
928 1556 1052 1605 forte
1090 1556 1189 1605 alia
1226 1556 1405 1620 quibus
1442 1557 1592 1606 etiam
1628 1562 1747 1606 tunc
1783 1557 2019 1621 temporis
2055 1572 2250 1607 morem

259 1639 476 1702 gerebat.
543 1652 782 1703 suspenso
813 1637 961 1701 igitur
991 1637 1174 1686 iudicio
1207 1637 1478 1686 clausulam
1514 1638 1580 1687 ad
1621 1652 1852 1701 praesens
1887 1637 2122 1701 reposuit.
2157 1638 2250 1687 ubi

260 1719 485 1783 neglecta
505 1718 684 1768 dehinc
705 1718 869 1768 iacens
892 1719 1119 1767 omnibus
1139 1718 1225 1783 qui
1245 1719 1378 1767 hunc
1401 1729 1475 1768 Ms
1498 1717 1803 1782 sequioribus
1825 1718 2002 1768 seculis
2030 1717 2246 1783 exscrip-

260 1808 426 1851 serunt
448 1801 643 1851 errandi
665 1799 970 1851 occasionem
993 1802 1147 1851 dedit.

389 1916 425 1942 ‚,
501 1893 558 1943 15
592 1893 748 1931 Loms
782 1894 1211 1932 svnmmonmvs
1246 1881 1368 1931 such
1402 1897 1458 1930 as
1495 1881 1816 1944 Canterbury,
1852 1880 2010 1941 York‚
2049 1879 2246 1930 lindis·
2280 1896 2361 1935 20

389 2077 425 2103 ‚,
502 2053 559 2104 17
594 2052 1043 2093 mmncnssmms
1066 2042 1168 2107 cfp
1191 2056 1249 2105 45
1275 2043 1296 2092 1
1324 2056 1582 2107 15—17n.
1648 2058 1684 2108 p
1715 2058 1805 2110 119
1830 2042 1850 2091 l
1880 2058 1938 2092 »ιι
1972 2058 2022 2092 n.
2092 2057 2127 2107 p
2154 2042 2245 2103 167

259 2124 281 2172 1
304 2134 353 2185 7.
418 2124 572 2174 mirac
607 2123 774 2174 Cuthb
809 2124 954 2188 praef
982 2125 1120 2185 (end)
1155 2131 1209 2174 to
1240 2125 1377 2188 John
1404 2123 1490 2173 the
1519 2125 1798 2188 presbyter:
1830 2124 2021 2183 obsecre,
2048 2137 2160 2171 cum
2181 2123 2257 2171 ad

259 2206 456 2278 limina-
470 2207 712 2257 beatorum
741 2207 1061 2270 apostolorum
1093 2207 1172 2256 deo
1194 2212 1466 2271 protegente
1484 2207 1775 2270 perunxeris,
1814 2220 1920 2270 pro
1950 2220 2038 2254 me
2069 2203 2194 2254 inte
2202 2219 2248 2254 r·

259 2289 469 2339 cedere
490 2289 778 2338 meminens.
849 2303 912 2352 ep
935 2289 1000 2336 ad
1021 2288 1347 2338 Nothelmum
1364 2286 1550 2348 (before
1579 2287 1652 2335 ‘in
1673 2286 1826 2336 libros
1847 2302 2017 2351 regum
2029 2286 2246 2350 quaestt’
2279 2303 2314 2343 2
2320 2299 2354 2361 5

259 2368 434 2432 Migne
451 2380 546 2418 xcx
566 2367 699 2430 716⁸)
719 2368 776 2417 in
796 2368 969 2432 quibus
987 2368 1204 2417 maelicet
1221 2368 1456 2430 responsis
1473 2367 1592 2431 quia
1607 2367 1710 2415 tuis
1721 2367 2030 2428 petiabnibus
2047 2366 2250 2428 remigia

248 2455 460 2511 patrum
480 2463 674 2512 sequens
691 2447 962 2512 satisfacere
977 2448 1156 2508 studui,
1176 2455 1351 2512 precor
1374 2454 1433 2497 ut
1463 2448 1615 2496 uicem
1648 2447 1852 2496 debitam
1886 2454 2077 2496 nostrae
2108 2447 2248 2496 deuo-

258 2528 388 2577 tioni
404 2530 603 2578 reddens
623 2544 726 2592 pro
759 2530 1049 2593 sospitate
1083 2531 1272 2578 nostri
1303 2536 1361 2578 et
1393 2528 1590 2577 cordis
1622 2534 1679 2577 et
1710 2528 1984 2592 corporis,
2009 2541 2248 2580 unacum

245 2610 500 2674 fratribus
536 2610 625 2673 qui
658 2608 761 2658 illis
799 2610 856 2658 in
892 2610 1006 2657 locis
1043 2608 1282 2658 uobiscum
1323 2608 1517 2656 domino
1551 2607 1842 2664 dmiimt,
1877 2605 2247 2669 intercedere

260 2690 613 2741 memineris.
677 2690 821 2739 sedet
839 2690 1027 2753 siquid
1039 2690 1098 2737 de
1114 2688 1193 2736 his
1212 2704 1336 2753 quae
1359 2689 1534 2752 scripsi
1560 2689 1725 2751 aptius
1743 2687 1876 2752 sone
1905 2687 2097 2749 alicubi,
2122 2687 2256 2751 quod
2273 2700 2353 2759 30

246 2771 493 2836 facillime
520 2771 790 2834 contingere
808 2772 1000 2834 poterit,
1035 2770 1302 2833 expositum
1333 2770 1594 2830 inueneris,
1633 2770 1768 2820 nobis
1796 2785 1980 2835 quoque
2006 2770 2092 2818 hoc
2119 2769 2252 2819 ocius

260 2853 347 2901 hoc
376 2852 615 2900 destinare
645 2867 746 2901 non
771 2851 1014 2914 graueris.
1080 2866 1143 2913 ep
1178 2851 1244 2899 ad
1276 2850 1467 2899 Accam
1500 2850 1632 2911 (end,
1656 2848 1878 2914 prefixed
1902 2856 1957 2906 tp
1985 2849 2060 2897 ‘in
2087 2848 2250 2898 Marci

261 2948 422 2997 euang
442 2930 617 2998 expos’
640 2943 759 2981 xcu
790 2938 902 2995 134⁸
924 2932 1115 2995 Migne)
1139 2938 1409 2982 orantem
1443 2947 1549 2997 pro
1583 2934 1756 2983 nobis
1785 2934 2086 2983 sanctitatem
2106 2939 2248 2980 tuam

260 3013 464 3064 caelestis
481 3021 663 3077 semper
673 3013 843 3078 gratia
862 3019 1092 3076 protegat.
1162 3013 1247 3062 sed
1270 3020 1317 3062 a
1344 3014 1432 3062 hoc
1461 3019 1575 3063 ank
1602 3014 1770 3064 omnia
1798 3019 1990 3063 cunctos
2017 3012 2109 3076 qui
2133 3012 2250 3061 baa·

248 3095 383 3159 sorte
413 3095 589 3144 lecturi
618 3100 739 3143 sunt
772 3094 992 3157 deprecor
1024 3094 1081 3143 in
1117 3095 1327 3155 domino,
1365 3101 1425 3144 ut
1463 3110 1569 3159 pro
1604 3095 1752 3145 meis
1788 3101 1847 3144 et
1882 3093 2152 3157 corporis
2188 3098 2247 3144 et
2273 3095 2351 3156 35

263 3174 441 3225 animi
478 3175 915 3238 fragilitatibus
954 3174 1108 3239 apud
1141 3176 1304 3239 pium
1338 3175 1594 3225 iudicem
1629 3176 2057 3225 intercessores
2091 3173 2244 3224 exis·

263 3263 387 3305 tere
408 3256 742 3319 dignentur.
801 3271 867 3329 ep
887 3256 953 3305 ad
977 3257 1165 3306 Accam
1190 3257 1322 3317 (end,
1351 3255 1567 3321 prefixed
1588 3262 1641 3305 to
1665 3257 1740 3306 ‘in
1763 3256 1928 3306 Lucae
1950 3272 2110 3322 euang
2129 3258 2247 3321 exp'

263 3334 318 3381 ib
352 3337 486 3396 308⁸)
522 3345 790 3388 orantem
832 3351 939 3400 pro
981 3336 1154 3387 nobis
1188 3344 1412 3387 sanctam
1444 3336 1785 3400 patemi‘tatm
1828 3343 2041 3386 uestram
2072 3338 2247 3401 gratia

263 3415 466 3475 superni
491 3416 729 3466 adt‘sctorir
757 3433 1042 3467 conservare
1068 3424 1212 3483 atque
1239 3419 1314 3467 ad
1335 3417 1647 3482 defensionem
1677 3418 1888 3469 ecclesabe
1913 3435 2031 3470 suae
2056 3425 2250 3470 sam
