2567 3750
277 29 337 107 (1
351 28 557 111 7)=15]
587 42 1048 96 THEODORE’S
1069 10 1260 98 CARE
1279 48 1422 98 Foae
1442 44 1777 96 ENGLJSH
1795 38 2107 94 CHURCH
2140 45 2250 103 1-23,

275 162 601 251 praefatum
646 175 885 251 pelagus
928 173 1119 248 intrat,
1176 175 1461 251 finitoque
1515 175 1792 250 conflictu
1844 174 1911 235 in
1963 195 2252 257 oceanum

274 268 470 343 refusi,
498 271 656 330 unde
684 279 983 343 uenerant,
1011 271 1277 331 redeunt.
1352 302 1356 309 ·

1142 526 1375 610 [XVII]

286 672 503 799 HIS
530 672 889 751 temporibus
918 673 1162 734 audiens
1190 675 1541 734 Theodorus
1576 674 1756 733 fidem
1786 673 2066 734 ecclesiae
2096 676 2250 735 Con-

204 774 240 833 5
485 769 864 845 stantinopoli
916 788 1022 845 per
1083 768 1369 828 haeresim
1424 767 1766 844 Eutychetis
1816 769 2066 828 multum
2121 788 2248 829 esse

272 867 562 926 turbatam
602 875 662 925 et
703 864 976 924 ecclesias
1019 865 1346 941 Anglorum
1390 864 1605 941 quibus
1640 876 1905 941 praeerat
1937 866 2013 925 ab
2058 865 2249 924 huius-

270 956 436 1025 modi
472 967 609 1025 labe
647 963 918 1023 inmunes
958 963 1271 1040 perdurare
1315 962 1670 1036 desideranS,
1717 967 1965 1025 collecto
2012 985 2248 1026 uenera-

269 1059 476 1119 bilium
522 1058 892 1119 sacerdotum
934 1059 1361 1134 doctorumque
1407 1058 1791 1135 plurimorum
1839 1071 2031 1133 coetu,
2080 1060 2244 1120 cuius

272 1157 465 1215 essent
509 1155 649 1215 fidei
692 1154 903 1231 singuli
946 1155 1184 1217 sedulus
1227 1153 1560 1230 inquirebat
1595 1153 1981 1230 omniumque
2023 1154 2245 1214 uniani-

166 1268 242 1309 ιο
270 1269 427 1309 mem
466 1250 530 1309 in
563 1252 682 1310 fide
720 1249 1009 1310 catholica
1047 1249 1303 1325 repperit
1340 1268 1731 1310 eonsensum:
1779 1261 1839 1310 et
1878 1253 2035 1310 hunc
2076 1271 2244 1329 syno-

269 1345 499 1405 dalibus
537 1344 742 1406 litteris
776 1347 854 1405 ad
894 1345 1340 1405 instructionem
1375 1345 1837 1423 memoriamque
1871 1349 2241 1423 sequentium

269 1441 684 1502 commendare
736 1440 978 1515 curauit,
1047 1459 1295 1519 quarum
1360 1440 1640 1502 uidelicet
1706 1441 2027 1502 litterarum
2085 1440 2241 1504 istud

269 1537 574 1597 exordium
598 1548 723 1599 est:
1261 1546 1264 1550 ’

268 1688 285 1718 ⁸
317 1678 443 1801 IN
469 1679 709 1738 nomine
737 1675 962 1740 domini
989 1677 1171 1738 nostri
1199 1679 1337 1737 Iesu
1367 1676 1582 1739 Christi
1610 1679 1927 1753 saluatoris,
1956 1676 2240 1758 imperan·
2287 1722 2292 1727 ἱ

167 1793 234 1851 15
423 1777 579 1838 tibus
616 1773 869 1836 dominis
905 1769 1178 1850 piissimis
1212 1773 1424 1832 nostris
1472 1772 1748 1851 Ecgfrido
1775 1795 1911 1850 rege
1942 1763 2263 1852 Hymbro?

266 1875 553 1947 nensium,
582 1890 742 1932 anno
780 1883 846 1929 x⁰
871 1868 1034 1947 regni
1075 1868 1200 1929 eius
1241 1871 1350 1929 sub
1380 1869 1477 1929 die
1511 1890 1590 1929 xu
1631 1869 1914 1930 kalendas
1949 1871 2237 1932 Octobres

264 1968 586 2031 indictione
612 1964 730 2039 uiii,
762 1976 822 2025 et
861 1964 1178 2024 Aedilredo
1213 1983 1349 2040 rege
1388 1964 1845 2025 Mercinensium
1886 1985 2043 2024 anno
2072 1978 2237 2027 sexto

263 2064 426 2144 regni
453 2062 595 2136 eiuS,
625 2071 684 2122 et
718 2061 1000 2121 Alduulfo
1037 2079 1175 2135 rege
1219 2060 1658 2135 Estranglorum
1700 2081 1858 2122 anno
1892 2060 2039 2120 xuii0
2073 2062 2237 2138 regni

263 2160 406 2234 eiuS,
436 2170 495 2220 et
522 2154 840 2217 Hlothario
874 2174 1010 2231 rege
1049 2154 1495 2214 Cantuariorum
1532 2154 1694 2232 regni
1734 2154 1857 2216 eius
1889 2176 2047 2216 anno
2085 2155 2191 2215 uii0
2220 2178 2234 2216 z

163 2274 236 2311 20
263 2255 631 2334 praesidente
671 2251 990 2311 Theodoro
1043 2248 1226 2327 gratia
1270 2249 1370 2310 dei
1421 2250 1864 2328 archiepiscopo
1918 2251 2235 2313 Brittaniae

260 2352 484 2410 insulae
537 2358 598 2408 et
651 2345 901 2418 ciuitatis
956 2343 1361 2408 Doruuernis:
1418 2365 1538 2405 una
1591 2366 1726 2405 cum
1774 2364 1847 2405 eo
1896 2345 2235 2407 sedentibus

260 2444 469 2508 ceteris
497 2442 786 2522 episcopis
814 2440 1128 2500 Brittaniae
1164 2439 1389 2503 insulae
1426 2442 1564 2503 uiris
1600 2442 2034 2503 uenerabilibus
2074 2463 2240 2520 prae-

258 2542 464 2619 positis
492 2536 873 2599 sacrosanctis
900 2535 1217 2612 euangeliis
1243 2535 1306 2596 in
1335 2539 1467 2598 loco
1496 2537 1598 2615 qui
1624 2538 1913 2599 Saxonico
1940 2542 2234 2601 uocabulo

260 2638 609 2701 Haethfelth
653 2632 1003 2705 nominatur,
1038 2632 1266 2709 -pariter
1313 2645 1625 2695 tractantes
1672 2633 1852 2694 fidem
1906 2646 2126 2695 rectam
2176 2651 2235 2697 et

139 2755 189 2793 v:e
198 2753 228 2810 5
257 2733 646 2797 orthodoxam
672 2727 1065 2805 exposuimus,
1089 2727 1237 2786 sicut
1264 2728 1537 2788 dominus
1563 2739 1762 2788 noster
1779 2731 1945 2788 Iesus
1969 2729 2233 2791 Christus

256 2830 587 2891 incarnatus
614 2823 854 2894 tradidit
881 2822 1180 2899 discipulis
1207 2823 1325 2883 suis
1352 2825 1455 2901 qui
1480 2821 1941 2901 praesentialiter
1960 2822 2233 2886 uiderunt

258 2935 317 2986 et
356 2923 666 2984 audierunt
708 2936 1008 2979 sermones
1051 2915 1191 2990 eius,
1241 2929 1420 2995 atque
1463 2929 1799 2979 sanctorum
1846 2907 2077 2995 patrum
2125 2930 2233 2980 tra-

257 3018 404 3081 didit
439 3017 787 3095 symbolum,
832 3024 892 3073 et
925 3014 1269 3090 generaliter
1304 3034 1511 3075 omnes
1552 3012 1738 3074 sancti
1778 3023 1838 3073 et
1877 3012 2231 3074 uniuersales
