2567 3750
267 50 338 109 72
692 47 945 96 SYNOD
992 46 1086 97 OF
1119 45 1681 95 STREANAESHAL
1690 45 1803 95 CH.
2115 27 2241 110 [ΙΙΙ

262 198 397 239 mea
444 176 764 253 discipulus
796 196 979 237 ‘meus
1022 174 1233 234 Vilfrid
1288 176 1602 251 presbyter,
1653 175 1791 251 quia
1837 195 2021 235 unum
2068 176 2246 237 ambo

265 275 523 351 sapimus
566 294 703 333 cum
747 274 953 334 ceteris
998 272 1098 349 qui
1147 272 1243 330 hic
1286 271 1559 331 adsident
1607 272 2033 333 ecclesiasticae
2075 273 2247 343 tradi-

266 369 439 430 tionis
475 370 830 440 cultoribus3
878 380 937 428 et
977 369 1076 427 ille
1111 366 1321 426 melius
1364 386 1434 426 ac
1477 367 1838 427 manifestius
1880 367 2008 444 ipsa
2049 368 2247 445 lingua

264 468 608 543 Anglorum‚
639 486 816 541 quam
845 485 955 541 ego
982 484 1086 540 per
1111 463 1500 539 interpretem,
1538 474 1734 538 potest
1761 464 2069 539 explanare
2092 484 2247 541 quae

198 608 199 619 ,
266 561 583 623 sentimus²
666 572 806 621 tunc
833 561 1061 632 Vilfrid,
1098 560 1337 620 iubente
1374 579 1509 635 rege
1543 571 1609 620 ut
1636 560 1872 633 diceret,
1901 561 1984 620 ita
2011 581 2247 625 exorsus

267 668 389 717 est:
450 657 699 733 ‘pascha
748 656 909 731 quod
958 654 1232 716 facimus’
1282 654 1473 730 inquit
1521 655 1810 714 ‘uidimus
1856 659 2102 730 Romae,
2144 657 2247 716 ubi

265 753 422 836 beati
455 753 705 830 apostoli
741 755 945 812 Petrus
974 763 1031 812 et
1061 754 1277 810 Paulus
1314 751 1509 811 uixere
1543 753 1796 812 docuere
1835 754 1992 829 passi
2019 764 2162 823 ¹sunt
2189 764 2247 813 et

266 851 496 927 sepulti,
535 852 610 910 ab
647 850 919 910 omnibus
956 849 1269 909 celebrari:
1318 851 1433 907 hoc
1466 849 1529 908 in
1567 851 1753 923 Italia,
1789 852 1904 911 hoc
1939 851 2001 910 in
2040 851 2244 924 Gallia,

267 966 412 1022 quas
440 945 709 1005 discendi
744 947 842 1004 uel
877 945 1082 1005 orandi
1116 945 1312 1006 studio
1350 946 1841 1022 pertransiuimuS,
1870 946 1946 1006 ab
1975 946 2247 1006 omnibus

158 1080 161 1093 =
265 1042 359 1119 agi
395 1041 841 1118 conspeximus:
888 1043 1004 1101 hoc
1040 1042 1297 1101 Africam
1333 1044 1536 1102 Asiam
1574 1047 1907 1119 Aegyptum
1942 1043 2245 1103 Graeciam

268 1151 324 1199 et
369 1159 608 1199 omnem
648 1140 871 1213 orbem,
921 1155 1293 1215 quacumque
1338 1139 1556 1200 Christi
1600 1139 1846 1199 ecclesia
1889 1139 2098 1199 diffusa
2142 1151 2246 1213 est,

265 1256 369 1317 per
396 1235 654 1295 diuersas
681 1235 948 1294 nationes
977 1246 1036 1295 et
1062 1235 1289 1311 linguas
1317 1255 1438 1295 uno
1466 1255 1537 1295 ac
1565 1256 1686 1295 non
1714 1237 1950 1296 diuerso
1969 1235 2249 1312 temporis

267 1329 471 1411 ordine
510 1349 707 1406 gerere
752 1329 1143 1405 comperimus
1165 1317 1420 1405 'praeter
1465 1332 1575 1389 hos
1620 1341 1849 1390 tantum
1893 1342 1951 1397 et
1998 1331 2251 1391 obstina-

266 1424 440 1483 tionis
496 1444 698 1484 eorum
766 1425 1099 1501 compliceS,
1173 1425 1371 1484 Pictos
1417 1425 1561 1484 dico
1617 1436 1675 1484 et
1731 1429 2054 1499 Brettones‚
2110 1445 2270 1494 cum,

267 1519 480 1595 quibus
523 1521 601 1580 de
643 1521 872 1580 duabus
919 1521 1138 1581 ultimis
1187 1522 1396 1581 oceani
1436 1522 1655 1595 insuIiS,
1702 1533 1758 1582 et
1799 1523 1889 1582 his
1931 1542 2051 1585 non
2091 1522 2246 1594 totis,

267 1630 470 1676 contra
514 1629 702 1685 totum
746 1618 949 1677 orbem
992 1620 1169 1678 stulto
1215 1619 1413 1678 labore
1455 1621 1753 1696 pugnant!
1833 1619 1929 1677 cui
1972 1620 2118 1678 haec
2167 1618 2249 1677 di·

267 1712 423 1771 centi
449 1712 751 1789 respondit
780 1715 1136 1774 Colmanus:
1196 1719 1210 1745 ‘
1228 1713 1452 1773 mirum·
1471 1734 1648 1790 quare
1678 1716 1920 1775 stultum
1957 1715 2249 1789 appellare

266 1809 456 1868 uelitis
499 1811 758 1869 laborem
806 1820 1086 1882 nostrum,
1136 1809 1196 1867 in
1246 1829 1367 1886 quo
1409 1810 1560 1868 tanti
1602 1809 1869 1887 apostoli,
1922 1809 2021 1885 qui
2076 1828 2250 1885 super

266 1917 473 1981 pectus
521 1904 747 1964 domini
789 1904 1128 1964 recumbere
1176 1905 1388 1979 dignus
1435 1904 1558 1974 fuit,
1610 1906 1874 1979 exempla
1923 1915 2249 1978 sectamur3

267 2019 404 2059 cum
452 2000 643 2076 ipsum
691 1999 1114 2075 sapientissime
1162 1999 1375 2058 uixisse
1411 1999 1620 2074 ‘omnis
1675 2000 1929 2067 mundus
1984 1998 2248 2059 nouerit'

265 2106 325 2154 at
352 2094 631 2153 Vilfridus
664 2093 1090 2173 ‘absit’pinquit
1131 2098 1146 2124 ⁴
1165 2104 1229 2153 ut
1273 2094 1602 2173 Iohannem
1639 2093 1914 2152 stultitiae
1946 2094 2250 2169 reprehen-

267 2192 491 2264 damuS,
542 2210 678 2249 cum
727 2190 873 2249 scita
917 2190 1062 2266 legis
1112 2190 1414 2251 Mosaicae
1469 2190 1627 2250 iuxta
1678 2189 1927 2248 litteram
1976 2200 2245 2262 seruaret,

266 2286 597 2346 iudaizante
643 2288 839 2345 adhuc
881 2286 943 2345 in
986 2286 1182 2345 multis
1200 2285 1475 2344 *eodesia
1520 2304 1631 2346 nec
1679 2285 1872 2344 subito
1918 2285 2247 2349 ualentibus

265 2383 543 2459 apostolis
591 2402 828 2441 omnem
874 2383 1017 2458 legis
1066 2382 1497 2442 obseruantiam
1542 2400 1694 2457 quae
1742 2401 1779 2439 a
1823 2382 1940 2440 deo
1983 2380 2248 2441 instituta

266 2488 354 2537 est
397 2477 684 2549 abdicare,
736 2478 1036 2553 quomodo
1081 2476 1405 2548 simulacra,
1456 2495 1607 2552 quae
1654 2496 1691 2535 a
1737 2476 2124 2536 daemonibus
2166 2478 2248 2537 in-

266 2571 442 2631 uenta
470 2583 621 2643 sunt,
651 2571 955 2648 repudiare
998 2591 1203 2631 omnes
1245 2571 1348 2648 qui
1380 2573 1458 2630 ad
1498 2573 1676 2630 fidem
1717 2571 1963 2630 ueniunt
2008 2592 2248 2633 necesse

266 2661 387 2728 est':
456 2667 730 2728 uidelicet
773 2686 846 2725 ne
886 2668 1232 2725 scandalum
1279 2669 1534 2748 facerent
1576 2666 1658 2725 eis
1701 2666 1803 2743 qui
1850 2666 2002 2726 inter
2044 2679 2247 2744 gentes

266 2775 429 2825 erant
476 2764 731 2823 Iudaeis.
840 2764 979 2822 hinc
1027 2774 1113 2823 est
1169 2763 1328 2822 enim
1385 2766 1546 2840 quod
1603 2766 1840 2825 PauluS.
1867 2765 2247 2824 Timotheum

265 2859 644 2930 circumcidit,
689 2860 852 2933 quod
892 2858 1110 2918 hostias
1155 2858 1217 2918 in
1261 2861 1483 2935 templo
1522 2859 1867 2932 immolauit,
1912 2862 2073 2936 quod
2109 2881 2247 2922 cum

2282 1069 2354 1105 10

2283 1546 2348 1602 Ι5

2279 2023 2354 2061 20

264 2954 482 3031 Aquila
509 2964 566 3012 et
595 2954 853 3012 Priscilla
881 2966 1056 3030 caput
1086 2954 1354 3015 Chorinti
1389 2956 1660 3028 totondit,
1691 2957 1767 3014 ad
1796 2956 1941 3014 nihil
1974 2957 2245 3017 uidelicet
2276 2984 2350 3038 30

266 3050 425 3120 utile,
466 3048 576 3107 nisi
616 3051 693 3107 ad
731 3051 1076 3114 ,scandalum
1118 3051 1426 3110 uitandum
1472 3053 1863 3112 Iudaeorum:
1905 3053 2042 3112 hinc
2063 3097 2066 3102 -
2085 3056 2246 3130 quod

268 3146 462 3234 eidem
491 3147 674 3203 Paulo
704 3147 955 3204 Iacobus
983 3147 1096 3208 ait:
1143 3153 1178 3181 “
1196 3148 1380 3219 uides,
1407 3150 1594 3219 frater,
1636 3160 1779 3225 quot
1817 3150 1977 3209 milia
2014 3162 2148 3210 sunt
2183 3152 2245 3210 in

650 3252 672 3284 ὅ
692 3261 841 3315 pasca
875 3270 963 3304 ms.
1562 3257 1605 3290 ¹³
1631 3261 1739 3323 geri
1768 3276 1859 3310 ms,
