2567 3750
287 21 387 115 29]
590 98 596 106 ,
726 41 1026 91 zETTER
1075 41 1170 90 OF
1201 42 1396 92 POPE
1447 41 1819 91 VITALJAN.
2032 72 2036 79 ·
2186 27 2259 102 85

278 173 456 231 clero.
543 169 743 246 itaque
789 169 890 247 qui
935 172 1082 230 haec
1125 171 1337 231 obtulit
1384 190 1627 231 munera
1673 172 1750 231 de
1791 172 1902 230 hac
1938 170 2267 230 subtractus

285 275 373 324 est
424 266 557 325 luce
613 265 872 341 situsque
919 267 996 325 ad
1041 265 1245 325 limina
1298 267 1713 341 apostolorum,
1768 283 1876 341 pro
1924 284 2044 341 quo
2090 267 2266 325 ualde

285 378 483 418 sumus
539 359 863 419 contristati
916 379 1021 419 cur
1071 360 1169 418 hic
1231 370 1383 419 esset
1451 361 1777 420 defunctus,
1861 371 2267 420 uerumtamen

285 454 494 529 gerulis
531 455 739 514 harum
776 465 1099 514 nostrarum
1142 454 1462 515 litterarum
1504 454 1711 515 uestris
1754 454 1944 514 missis
1983 455 2270 515 beneficia

185 572 216 631 5
286 563 639 626 sanctorum,
678 554 794 611 hoc
829 564 917 612 est
949 553 1220 628 reliquias
1256 554 1562 613 beatorum
1598 553 1997 627 apostolorum
2025 550 2184 612 Petri
2209 564 2269 612 et

288 647 455 706 Pauli
489 659 550 707 et
597 658 932 707 sanctorum
969 658 1286 724 martyrum
1329 646 1628 706 Laurentii
1669 647 1952 705 Iohannis
2000 656 2060 706 et
2100 646 2271 706 Pauli

288 755 346 804 et
387 744 639 822 Grigorii
676 757 854 822 atque
896 746 1203 820 Pancratii‚
1240 744 1326 806 eis
1362 745 1606 805 fecimus
1652 745 1777 804 dari
1818 756 2043 805 uestrae
2087 747 2273 805 excel-

287 841 502 901 lentiae
568 843 832 917 profecto
899 860 1106 901 omnes
1173 842 1617 901 contradendas,
1729 859 1870 899 nam
1923 850 1982 899 et
2036 839 2272 916 coniugi

286 948 514 997 uestrae
542 948 772 998 nostrae
800 937 1040 1014 spiritali
1064 938 1217 997 filiae
1254 937 1571 998 direximus
1597 956 1701 1013 per
1726 938 2014 1013 praefatos
2040 939 2272 1014 gerulos

189 1050 264 1089 10
288 1052 521 1092 crucem
565 1036 793 1093 clauem
834 1053 1071 1094 auream
1110 1034 1427 1094 habentem
1468 1033 1545 1092 de
1586 1031 1981 1092 sacratissimis
2021 1031 2272 1090 uinculis

289 1131 594 1189 beatorum
637 1131 794 1190 Petri
840 1142 900 1191 et
943 1131 1110 1191 Pauli
1147 1132 1579 1207 apostolorum:
1622 1130 1697 1190 de
1734 1130 1899 1189 cuius
1934 1129 2036 1205 pio
2071 1129 2272 1189 studio

288 1237 730 1300 cognoscenteS,
758 1237 988 1286 tantum
1022 1237 1236 1285 cuncta
1268 1228 1440 1285 sedes
1467 1224 1789 1301 apostolica
1814 1243 1933 1284 una
1960 1223 2272 1284 nobiscum

273 1322 550 1393 ‚laetatur,
602 1307 891 1398 quantum
943 1321 1070 1382 eius
1121 1321 1220 1400 pia
1273 1340 1452 1396 opera
1505 1340 1703 1381 coram
1756 1321 1873 1379 deo
1919 1321 2162 1396 flagrant
2207 1330 2269 1379 et

287 1428 551 1477 uernant.
659 1416 892 1476 festinet
945 1416 1118 1494 igitur
1171 1436 1523 1493 quaesumus
1590 1428 1785 1476 uestra
1844 1416 2149 1489 celsitudo,
2204 1429 2271 1476 ut

193 1535 260 1594 15
289 1526 577 1591 optamuS,
605 1525 791 1574 totam
819 1533 985 1573 suam
1017 1514 1267 1572 insulam
1296 1514 1412 1573 deo
1443 1513 1675 1574 Christo
1710 1512 1919 1573 dicare.
2003 1514 2269 1590 profecto

288 1611 448 1670 enim
484 1611 662 1670 habet
695 1621 1086 1687 protectorem
1125 1610 1370 1669 humani
1405 1610 1631 1686 generis
1669 1610 2058 1671 redemtorem
2085 1611 2272 1670 domi-

287 1725 431 1766 num
468 1717 731 1765 nostrum
776 1708 975 1765 Iesum
1017 1705 1333 1778 Christum,
1379 1704 1481 1780 qui
1524 1705 1579 1764 ei
1622 1716 1835 1765 cuncta
1872 1725 2148 1782 prospera
2187 1705 2272 1763 in*

287 1803 513 1879 perdet,
542 1803 630 1863 uti
654 1822 880 1863 nouum
908 1801 1122 1863 Christi
1148 1804 1435 1880 populum
1463 1813 1769 1862 coaceruet
1806 1804 2154 1863 catholicam
2186 1804 2270 1864 ibi

288 1914 347 1961 et
413 1902 800 1977 apostolicam
864 1900 1229 1960 constituens
1295 1901 1491 1960 fidem.
1598 1899 1877 1976 scriptum
1931 1911 2019 1960 est
2075 1900 2271 1961 enim:

195 2015 265 2053 20
291 2000 326 2029 ‘⁴
347 1996 607 2072 quaerite
659 1996 913 2072 primum
965 2015 1210 2071 regnum
1254 1995 1353 2054 dei
1396 2006 1455 2055 et
1509 1994 1787 2055 iustitiam
1832 1995 1976 2069 eiuS‚
2021 2008 2080 2057 et
2122 1998 2270 2056 haec

288 2092 488 2152 omnia
529 2092 856 2152 adicientur
896 2092 1117 2152 uobis.’'
1199 2092 1475 2151 nimirum
1530 2092 1688 2153 enim
1742 2093 1965 2168 quaerit
2008 2104 2066 2153 et
2110 2093 2271 2170 inpe-

287 2189 461 2251 trauit
512 2200 574 2249 et
627 2189 684 2249 ei
736 2208 942 2252 omnes
995 2208 1135 2249 suae
1187 2188 1430 2262 insulae,
1474 2200 1539 2249 ut
1594 2200 1881 2265 optamuS,
1923 2190 2264 2250 subdentur.

287 2297 532 2361 patemo
571 2284 770 2361 itaque
809 2285 1021 2344 affectu
1064 2287 1379 2345 salutantes
1424 2295 1676 2343 uestram
1720 2283 2139 2357 excellentiam,
2182 2284 2269 2344 di-

288 2379 488 2448 uinam
516 2398 840 2455 precamur
881 2379 1087 2455 iugiter
1132 2378 1520 2452 clementiam,
1571 2399 1724 2455 quae
1769 2399 1878 2438 uos
1924 2389 2268 2457 uestrosque

197 2498 224 2535 2
231 2496 261 2554 5
289 2493 495 2534 omnes
521 2473 585 2533 in
609 2473 884 2533 omnibus
910 2475 1082 2535 bonis
1135 2475 1407 2552 operibus
1436 2474 1696 2535 auxiliari
1723 2473 2007 2549 dignetur,
2036 2484 2101 2532 ut
2128 2493 2267 2532 cum

290 2569 523 2629 Christo
549 2568 613 2628 in
639 2570 833 2630 futuro
858 2570 1107 2645 regnetis
1135 2573 1385 2632 saeculo.
1467 2570 1825 2630 incolumem
1861 2568 2266 2630 excellentiam

288 2676 540 2725 uestram
564 2664 748 2742 gratia
773 2685 1024 2742 superna
1050 2669 1375 2728 custodiat.’

408 2761 555 2837 Quis
582 2780 723 2820 sane
750 2780 857 2838 pro
876 2762 1176 2839 Vighardo
1196 2774 1456 2840 repertus
1477 2782 1548 2824 ac
1575 2762 1878 2825 dedicatus
1905 2762 1978 2823 sit
2005 2761 2263 2835 antisteS,

290 2859 436 2924 libro
463 2870 746 2933 sequente
773 2860 1116 2933 oportunius
1144 2859 1387 2920 dicetur.
