<?xml version="1.0" encoding="UTF-8"?>
<!DOCTYPE html PUBLIC "-//W3C//DTD XHTML 1.0 Transitional//EN"
    "http://www.w3.org/TR/xhtml1/DTD/xhtml1-transitional.dtd">
<html xmlns="http://www.w3.org/1999/xhtml" xml:lang="en" lang="en">
 <head>
  <title>
</title>
<meta http-equiv="Content-Type" content="text/html;charset=utf-8" />
  <meta name='ocr-system' content='tesseract 3.04.00' />
  <meta name='ocr-capabilities' content='ocr_page ocr_carea ocr_par ocr_line ocrx_word'/>
</head>
<body>
  <div class='ocr_page' id='page_1' title='image "./historiaeeccles01lumbgoog_0188.png"; bbox 0 0 2567 3750; ppageno 0'>
   <div class='ocr_carea' id='block_1_1' title="bbox 265 203 2234 284">
    <p class='ocr_par' dir='ltr' id='par_1_1' title="bbox 265 203 2234 284">
     <span class='ocr_line' id='line_1_1' title="bbox 265 203 2234 284; baseline -0.001 -20"><span class='ocrx_word' id='word_1_1' title='bbox 265 212 373 266; x_wconf 75' lang='lat'><strong>1¹66</strong></span> <span class='ocrx_word' id='word_1_2' title='bbox 525 221 827 273; x_wconf 65' lang='lat' dir='ltr'><em>:BEDAJS</em></span> <span class='ocrx_word' id='word_1_3' title='bbox 863 224 1156 272; x_wconf 77' lang='lat' dir='ltr'><em>APPEAL·</em></span> <span class='ocrx_word' id='word_1_4' title='bbox 1206 223 1297 272; x_wconf 86' lang='lat' dir='ltr'><strong>To</strong></span> <span class='ocrx_word' id='word_1_5' title='bbox 1339 224 1471 273; x_wconf 79' lang='lat' dir='ltr'><strong>HIS</strong></span> <span class='ocrx_word' id='word_1_6' title='bbox 1508 221 1874 271; x_wconf 85' lang='lat' dir='ltr'><em>READERS.</em></span> <span class='ocrx_word' id='word_1_7' title='bbox 1932 203 2234 284; x_wconf 78' lang='lat' dir='ltr'>[PREFACE</span> 
     </span>
    </p>
   </div>
   <div class='ocr_carea' id='block_1_2' title="bbox 253 349 2330 1007">
    <p class='ocr_par' dir='ltr' id='par_1_2' title="bbox 253 349 2330 1007">
     <span class='ocr_line' id='line_1_2' title="bbox 255 349 2232 427; baseline 0 -18"><span class='ocrx_word' id='word_1_8' title='bbox 255 349 526 412; x_wconf 75' lang='lat' dir='ltr'><strong>fratribus</strong></span> <span class='ocrx_word' id='word_1_9' title='bbox 571 352 850 412; x_wconf 85' lang='lat' dir='ltr'><strong>ecclesiae</strong></span> <span class='ocrx_word' id='word_1_10' title='bbox 895 352 1385 419; x_wconf 88' lang='lat' dir='ltr'><strong>Lindisfarnensis</strong></span> <span class='ocrx_word' id='word_1_11' title='bbox 1440 351 1654 427; x_wconf 89' lang='lat' dir='ltr'><strong>scripta</strong></span> <span class='ocrx_word' id='word_1_12' title='bbox 1701 349 1929 427; x_wconf 78' lang='lat' dir='ltr'><strong>repperi</strong></span> <span class='ocrx_word' id='word_1_13' title='bbox 1971 349 2232 409; x_wconf 83' lang='lat' dir='ltr'><strong>adsumsi</strong></span> 
     </span>
     <span class='ocr_line' id='line_1_3' title="bbox 256 448 2234 526; baseline -0.002 -19"><span class='ocrx_word' id='word_1_14' title='bbox 256 448 594 525; x_wconf 84' lang='lat' dir='ltr'><strong>simpliciter</strong></span> <span class='ocrx_word' id='word_1_15' title='bbox 616 451 795 508; x_wconf 89' lang='lat' dir='ltr'><strong>fidem</strong></span> <span class='ocrx_word' id='word_1_16' title='bbox 827 450 1102 510; x_wconf 83' lang='lat' dir='ltr'>historiae</span> <span class='ocrx_word' id='word_1_17' title='bbox 1130 470 1308 526; x_wconf 89' lang='lat' dir='ltr'><strong>quam</strong></span> <span class='ocrx_word' id='word_1_18' title='bbox 1326 452 1595 526; x_wconf 82' lang='lat' dir='ltr'>legebam</span> <span class='ocrx_word' id='word_1_19' title='bbox 1611 449 2084 519; x_wconf 70' lang='lat' dir='ltr'>accommodam,</span> <span class='ocrx_word' id='word_1_20' title='bbox 2110 464 2234 522; x_wconf 71' lang='lat' dir='ltr'><strong>par„-</strong></span> 
     </span>
     <span class='ocr_line' id='line_1_4' title="bbox 256 542 2231 621; baseline -0.002 -18"><span class='ocrx_word' id='word_1_21' title='bbox 256 544 360 603; x_wconf 89' lang='lat' dir='ltr'><strong>tim</strong></span> <span class='ocrx_word' id='word_1_22' title='bbox 396 560 538 605; x_wconf 89' lang='lat' dir='ltr'><strong>uero</strong></span> <span class='ocrx_word' id='word_1_23' title='bbox 580 565 655 605; x_wconf 85' lang='lat' dir='ltr'><strong>ea</strong></span> <span class='ocrx_word' id='word_1_24' title='bbox 693 564 846 621; x_wconf 88' lang='lat' dir='ltr'><strong>quae</strong></span> <span class='ocrx_word' id='word_1_25' title='bbox 893 545 1218 605; x_wconf 81' lang='lat' dir='ltr'><strong>certissima</strong></span> <span class='ocrx_word' id='word_1_26' title='bbox 1258 546 1519 605; x_wconf 90' lang='lat' dir='ltr'><strong>fidelium</strong></span> <span class='ocrx_word' id='word_1_27' title='bbox 1555 547 1815 605; x_wconf 89' lang='lat' dir='ltr'><strong>uirorum</strong></span> <span class='ocrx_word' id='word_1_28' title='bbox 1841 542 2231 603; x_wconf 89' lang='lat' dir='ltr'><strong>adtestatione</strong></span> 
     </span>
     <span class='ocr_line' id='line_1_5' title="bbox 253 640 2232 719; baseline -0.002 -19"><span class='ocrx_word' id='word_1_29' title='bbox 253 660 358 716; x_wconf 91' lang='lat' dir='ltr'><strong>per</strong></span> <span class='ocrx_word' id='word_1_30' title='bbox 384 660 480 701; x_wconf 89' lang='lat' dir='ltr'><strong>me</strong></span> <span class='ocrx_word' id='word_1_31' title='bbox 512 641 639 719; x_wconf 91' lang='lat' dir='ltr'><strong>ipse</strong></span> <span class='ocrx_word' id='word_1_32' title='bbox 676 661 1030 718; x_wconf 81' lang='lat' dir='ltr'>cognoscere</span> <span class='ocrx_word' id='word_1_33' title='bbox 1066 644 1233 718; x_wconf 90' lang='lat' dir='ltr'><strong>potui</strong></span> <span class='ocrx_word' id='word_1_34' title='bbox 1266 645 1528 703; x_wconf 87' lang='lat' dir='ltr'><strong>sollerter</strong></span> <span class='ocrx_word' id='word_1_35' title='bbox 1557 643 1792 701; x_wconf 85' lang='lat' dir='ltr'><strong>adicere</strong></span> <span class='ocrx_word' id='word_1_36' title='bbox 1823 640 2037 700; x_wconf 88' lang='lat' dir='ltr'><strong>curaui.</strong></span> <span class='ocrx_word' id='word_1_37' title='bbox 2120 641 2232 698; x_wconf 91' lang='lat' dir='ltr'><strong>lec-</strong></span> 
     </span>
     <span class='ocr_line' id='line_1_6' title="bbox 255 722 2330 814; baseline -0.001 -18"><span class='ocrx_word' id='word_1_38' title='bbox 255 722 560 814; x_wconf 88' lang='lat' dir='ltr'><strong>toremque</strong></span> <span class='ocrx_word' id='word_1_39' title='bbox 589 737 927 814; x_wconf 88' lang='lat' dir='ltr'><strong>suppliciter</strong></span> <span class='ocrx_word' id='word_1_40' title='bbox 953 740 1216 809; x_wconf 91' lang='lat' dir='ltr'><strong>obsecr0‚</strong></span> <span class='ocrx_word' id='word_1_41' title='bbox 1248 749 1315 797; x_wconf 89' lang='lat' dir='ltr'><strong>ut</strong></span> <span class='ocrx_word' id='word_1_42' title='bbox 1348 739 1395 797; x_wconf 91' lang='lat' dir='ltr'><strong>si</strong></span> <span class='ocrx_word' id='word_1_43' title='bbox 1434 757 1551 814; x_wconf 86' lang='lat' dir='ltr'><strong>qua</strong></span> <span class='ocrx_word' id='word_1_44' title='bbox 1592 738 1652 796; x_wconf 91' lang='lat' dir='ltr'><strong>in</strong></span> <span class='ocrx_word' id='word_1_45' title='bbox 1689 736 1779 795; x_wconf 88' lang='lat' dir='ltr'><strong>his</strong></span> <span class='ocrx_word' id='word_1_46' title='bbox 1817 755 1970 812; x_wconf 86' lang='lat' dir='ltr'><strong>quae</strong></span> <span class='ocrx_word' id='word_1_47' title='bbox 2006 734 2228 810; x_wconf 89' lang='lat' dir='ltr'><strong>scripsi·</strong></span> <span class='ocrx_word' id='word_1_48' title='bbox 2299 744 2330 802; x_wconf 91' lang='lat'><strong>5</strong></span> 
     </span>
     <span class='ocr_line' id='line_1_7' title="bbox 255 832 2231 910; baseline 0 -19"><span class='ocrx_word' id='word_1_49' title='bbox 255 853 387 892; x_wconf 88' lang='lat' dir='ltr'><strong>mus</strong></span> <span class='ocrx_word' id='word_1_50' title='bbox 412 833 580 893; x_wconf 86' lang='lat' dir='ltr'><strong>aliter</strong></span> <span class='ocrx_word' id='word_1_51' title='bbox 606 853 784 909; x_wconf 88' lang='lat' dir='ltr'><strong>quam</strong></span> <span class='ocrx_word' id='word_1_52' title='bbox 821 853 884 893; x_wconf 90' lang='lat' dir='ltr'><strong>se</strong></span> <span class='ocrx_word' id='word_1_53' title='bbox 910 835 1124 892; x_wconf 88' lang='lat' dir='ltr'><strong>ueritas</strong></span> <span class='ocrx_word' id='word_1_54' title='bbox 1159 835 1341 893; x_wconf 90' lang='lat' dir='ltr'><strong>habet</strong></span> <span class='ocrx_word' id='word_1_55' title='bbox 1373 835 1566 910; x_wconf 88' lang='lat' dir='ltr'><strong>posita</strong></span> <span class='ocrx_word' id='word_1_56' title='bbox 1598 832 1934 909; x_wconf 86' lang='lat' dir='ltr'><strong>reppererit,</strong></span> <span class='ocrx_word' id='word_1_57' title='bbox 1964 850 2086 890; x_wconf 88' lang='lat' dir='ltr'><strong>non</strong></span> <span class='ocrx_word' id='word_1_58' title='bbox 2113 833 2231 891; x_wconf 91' lang='lat' dir='ltr'><strong>hoc</strong></span> 
     </span>
     <span class='ocr_line' id='line_1_8' title="bbox 253 928 2231 1007; baseline -0.001 -20"><span class='ocrx_word' id='word_1_59' title='bbox 253 929 426 989; x_wconf 89' lang='lat' dir='ltr'><strong>nobis</strong></span> <span class='ocrx_word' id='word_1_60' title='bbox 453 929 702 1007; x_wconf 87' lang='lat' dir='ltr'><strong>imputet</strong></span> <span class='ocrx_word' id='word_1_61' title='bbox 730 931 847 1006; x_wconf 88' lang='lat' dir='ltr'><strong>qui,</strong></span> <span class='ocrx_word' id='word_1_62' title='bbox 873 933 1037 1007; x_wconf 90' lang='lat' dir='ltr'><strong>quod</strong></span> <span class='ocrx_word' id='word_1_63' title='bbox 1063 950 1203 990; x_wconf 88' lang='lat' dir='ltr'><strong>uera</strong></span> <span class='ocrx_word' id='word_1_64' title='bbox 1229 934 1327 990; x_wconf 87' lang='lat' dir='ltr'><strong>lex</strong></span> <span class='ocrx_word' id='word_1_65' title='bbox 1352 932 1625 990; x_wconf 86' lang='lat' dir='ltr'><strong>historiae</strong></span> <span class='ocrx_word' id='word_1_66' title='bbox 1655 941 1760 1002; x_wconf 89' lang='lat' dir='ltr'><strong>est,</strong></span> <span class='ocrx_word' id='word_1_67' title='bbox 1792 928 2133 1004; x_wconf 88' lang='lat' dir='ltr'><strong>simpliciter</strong></span> <span class='ocrx_word' id='word_1_68' title='bbox 2160 947 2231 987; x_wconf 90' lang='lat' dir='ltr'><strong>ea</strong></span> 
     </span>
    </p>
   </div>
   <div class='ocr_carea' id='block_1_3' title="bbox 169 1024 2231 1104">
    <p class='ocr_par' dir='ltr' id='par_1_3' title="bbox 169 1024 2231 1104">
     <span class='ocr_line' id='line_1_9' title="bbox 169 1024 2231 1104; baseline 0.001 -22"><span class='ocrx_word' id='word_1_69' title='bbox 169 1078 180 1083; x_wconf 77' lang='grc'><strong><em>,</em></strong></span> <span class='ocrx_word' id='word_1_70' title='bbox 255 1042 407 1100; x_wconf 86' lang='lat' dir='ltr'><strong>quae</strong></span> <span class='ocrx_word' id='word_1_71' title='bbox 434 1025 588 1084; x_wconf 87' lang='lat' dir='ltr'><strong>fama</strong></span> <span class='ocrx_word' id='word_1_72' title='bbox 614 1029 891 1102; x_wconf 88' lang='lat' dir='ltr'><strong>uulgante</strong></span> <span class='ocrx_word' id='word_1_73' title='bbox 920 1029 1261 1104; x_wconf 86' lang='lat' dir='ltr'><strong>collegimus</strong></span> <span class='ocrx_word' id='word_1_74' title='bbox 1290 1031 1368 1089; x_wconf 88' lang='lat' dir='ltr'><strong>ad</strong></span> <span class='ocrx_word' id='word_1_75' title='bbox 1401 1028 1845 1087; x_wconf 85' lang='lat' dir='ltr'><strong>instructionem</strong></span> <span class='ocrx_word' id='word_1_76' title='bbox 1873 1024 2231 1103; x_wconf 85' lang='lat' dir='ltr'><strong>posteritatis</strong></span> 
     </span>
    </p>
   </div>
   <div class='ocr_carea' id='block_1_4' title="bbox 253 1119 2335 1393">
    <p class='ocr_par' dir='ltr' id='par_1_4' title="bbox 253 1119 2335 1393">
     <span class='ocr_line' id='line_1_10' title="bbox 254 1119 1142 1183; baseline 0.007 -6"><span class='ocrx_word' id='word_1_77' title='bbox 254 1119 458 1179; x_wconf 85' lang='lat' dir='ltr'><strong>litteris</strong></span> <span class='ocrx_word' id='word_1_78' title='bbox 486 1123 768 1183; x_wconf 90' lang='lat' dir='ltr'><strong>mandare</strong></span> <span class='ocrx_word' id='word_1_79' title='bbox 798 1125 1142 1183; x_wconf 79' lang='lat' dir='ltr'><strong>studuimus,</strong></span> 
     </span>
     <span class='ocr_line' id='line_1_11' title="bbox 372 1218 2335 1297; baseline 0.002 -22"><span class='ocrx_word' id='word_1_80' title='bbox 372 1219 681 1278; x_wconf 87' lang='lat' dir='ltr'><strong>Praeterea</strong></span> <span class='ocrx_word' id='word_1_81' title='bbox 720 1238 927 1278; x_wconf 89' lang='lat' dir='ltr'><strong>omnes</strong></span> <span class='ocrx_word' id='word_1_82' title='bbox 959 1222 1037 1279; x_wconf 89' lang='lat' dir='ltr'><strong>ad</strong></span> <span class='ocrx_word' id='word_1_83' title='bbox 1078 1240 1227 1297; x_wconf 92' lang='lat' dir='ltr'><strong>quos</strong></span> <span class='ocrx_word' id='word_1_84' title='bbox 1253 1222 1401 1279; x_wconf 91' lang='lat' dir='ltr'><strong>haec</strong></span> <span class='ocrx_word' id='word_1_85' title='bbox 1429 1221 1636 1280; x_wconf 89' lang='lat' dir='ltr'><strong>eadem</strong></span> <span class='ocrx_word' id='word_1_86' title='bbox 1662 1219 1903 1280; x_wconf 89' lang='lat' dir='ltr'><strong>historia</strong></span> <span class='ocrx_word' id='word_1_87' title='bbox 1927 1218 2234 1296; x_wconf 85' lang='lat' dir='ltr'><strong>peruenire</strong></span> <span class='ocrx_word' id='word_1_88' title='bbox 2264 1233 2335 1271; x_wconf 78' lang='lat'><strong>10</strong></span> 
     </span>
     <span class='ocr_line' id='line_1_12' title="bbox 253 1313 2234 1393; baseline 0.002 -22"><span class='ocrx_word' id='word_1_89' title='bbox 253 1313 508 1387; x_wconf 80' lang='lat' dir='ltr'><strong>potuerit</strong></span> <span class='ocrx_word' id='word_1_90' title='bbox 532 1327 771 1392; x_wconf 57' lang='lat' dir='ltr'><strong>nostrae⁴</strong></span> <span class='ocrx_word' id='word_1_91' title='bbox 804 1316 1059 1376; x_wconf 87' lang='lat' dir='ltr'><strong>nationis</strong></span> <span class='ocrx_word' id='word_1_92' title='bbox 1094 1320 1355 1392; x_wconf 89' lang='lat' dir='ltr'><strong>legentes</strong></span> <span class='ocrx_word' id='word_1_93' title='bbox 1396 1317 1519 1376; x_wconf 88' lang='lat' dir='ltr'><strong>siue</strong></span> <span class='ocrx_word' id='word_1_94' title='bbox 1555 1318 1863 1377; x_wconf 89' lang='lat' dir='ltr'><strong>audientes</strong></span> <span class='ocrx_word' id='word_1_95' title='bbox 1897 1316 2234 1393; x_wconf 89' lang='lat' dir='ltr'><strong>suppliciter</strong></span> 
     </span>
    </p>
   </div>
   <div class='ocr_carea' id='block_1_5' title="bbox 170 1413 2252 1490">
    <p class='ocr_par' dir='ltr' id='par_1_5' title="bbox 170 1413 2252 1490">
     <span class='ocr_line' id='line_1_13' title="bbox 170 1413 2252 1490; baseline 0 -21"><span class='ocrx_word' id='word_1_96' title='bbox 170 1462 174 1469; x_wconf 88' lang='lat'><strong>.</strong></span> <span class='ocrx_word' id='word_1_97' title='bbox 254 1429 475 1484; x_wconf 87' lang='lat' dir='ltr'><strong>precor,</strong></span> <span class='ocrx_word' id='word_1_98' title='bbox 504 1422 569 1471; x_wconf 85' lang='lat' dir='ltr'><strong>ut</strong></span> <span class='ocrx_word' id='word_1_99' title='bbox 594 1430 702 1487; x_wconf 87' lang='lat' dir='ltr'><strong>pro</strong></span> <span class='ocrx_word' id='word_1_100' title='bbox 730 1414 878 1472; x_wconf 90' lang='lat' dir='ltr'><strong>meis</strong></span> <span class='ocrx_word' id='word_1_101' title='bbox 903 1414 1338 1474; x_wconf 88' lang='lat' dir='ltr'><strong>infirmitatibus</strong></span> <span class='ocrx_word' id='word_1_102' title='bbox 1367 1426 1426 1474; x_wconf 91' lang='lat' dir='ltr'><strong>et</strong></span> <span class='ocrx_word' id='word_1_103' title='bbox 1461 1414 1674 1474; x_wconf 89' lang='lat' dir='ltr'><strong>mentis</strong></span> <span class='ocrx_word' id='word_1_104' title='bbox 1703 1424 1761 1474; x_wconf 88' lang='lat' dir='ltr'><strong>et</strong></span> <span class='ocrx_word' id='word_1_105' title='bbox 1789 1413 2045 1490; x_wconf 92' lang='lat' dir='ltr'><strong>corporis</strong></span> <span class='ocrx_word' id='word_1_106' title='bbox 2072 1413 2252 1489; x_wconf 85' lang='lat' dir='ltr'><strong>apud‘</strong></span> 
     </span>
    </p>
   </div>
   <div class='ocr_carea' id='block_1_6' title="bbox 254 1509 2332 1877">
    <p class='ocr_par' dir='ltr' id='par_1_6' title="bbox 254 1509 2332 1877">
     <span class='ocr_line' id='line_1_14' title="bbox 256 1509 2232 1586; baseline 0.004 -22"><span class='ocrx_word' id='word_1_107' title='bbox 256 1520 566 1582; x_wconf 88' lang='lat' dir='ltr'><strong>supernam</strong></span> <span class='ocrx_word' id='word_1_108' title='bbox 608 1509 981 1568; x_wconf 79' lang='lat' dir='ltr'><strong>clementiam</strong></span> <span class='ocrx_word' id='word_1_109' title='bbox 1023 1511 1253 1586; x_wconf 91' lang='lat' dir='ltr'><strong>saepius</strong></span> <span class='ocrx_word' id='word_1_110' title='bbox 1293 1510 1643 1570; x_wconf 88' lang='lat' dir='ltr'><strong>interuenire</strong></span> <span class='ocrx_word' id='word_1_111' title='bbox 1685 1510 2056 1570; x_wconf 86' lang='lat' dir='ltr'><strong>meminerint</strong></span> <span class='ocrx_word' id='word_1_112' title='bbox 2085 1522 2143 1571; x_wconf 92' lang='lat' dir='ltr'><strong>et</strong></span> <span class='ocrx_word' id='word_1_113' title='bbox 2169 1513 2232 1570; x_wconf 86' lang='lat' dir='ltr'><strong>in</strong></span> 
     </span>
     <span class='ocr_line' id='line_1_15' title="bbox 256 1602 2232 1681; baseline 0.002 -21"><span class='ocrx_word' id='word_1_114' title='bbox 256 1604 377 1661; x_wconf 89' lang='lat' dir='ltr'><strong>suis</strong></span> <span class='ocrx_word' id='word_1_115' title='bbox 403 1602 620 1680; x_wconf 90' lang='lat' dir='ltr'><strong>quique</strong></span> <span class='ocrx_word' id='word_1_116' title='bbox 648 1606 965 1681; x_wconf 91' lang='lat' dir='ltr'><strong>prouinciis</strong></span> <span class='ocrx_word' id='word_1_117' title='bbox 993 1608 1147 1665; x_wconf 92' lang='lat' dir='ltr'><strong>hanc</strong></span> <span class='ocrx_word' id='word_1_118' title='bbox 1179 1607 1322 1665; x_wconf 89' lang='lat' dir='ltr'><strong>mihi</strong></span> <span class='ocrx_word' id='word_1_119' title='bbox 1361 1627 1498 1665; x_wconf 90' lang='lat' dir='ltr'><strong>suae</strong></span> <span class='ocrx_word' id='word_1_120' title='bbox 1533 1605 2012 1665; x_wconf 90' lang='lat' dir='ltr'><strong>remunerationis</strong></span> <span class='ocrx_word' id='word_1_121' title='bbox 2038 1606 2232 1665; x_wconf 87' lang='lat' dir='ltr'><strong>uicem</strong></span> 
     </span>
     <span class='ocr_line' id='line_1_16' title="bbox 254 1696 2332 1782; baseline 0.003 -26"><span class='ocrx_word' id='word_1_122' title='bbox 254 1696 581 1775; x_wconf 83' lang='lat' dir='ltr'><strong>rependant</strong></span> <span class='ocrx_word' id='word_1_123' title='bbox 605 1712 689 1773; x_wconf 89' lang='lat' dir='ltr'><strong>ut,</strong></span> <span class='ocrx_word' id='word_1_124' title='bbox 718 1702 817 1777; x_wconf 92' lang='lat' dir='ltr'><strong>qui</strong></span> <span class='ocrx_word' id='word_1_125' title='bbox 846 1703 922 1761; x_wconf 92' lang='lat' dir='ltr'><strong>de</strong></span> <span class='ocrx_word' id='word_1_126' title='bbox 950 1703 1189 1779; x_wconf 90' lang='lat' dir='ltr'><strong>singulis</strong></span> <span class='ocrx_word' id='word_1_127' title='bbox 1216 1703 1535 1779; x_wconf 90' lang='lat' dir='ltr'><strong>prouinciis</strong></span> <span class='ocrx_word' id='word_1_128' title='bbox 1563 1703 1688 1763; x_wconf 91' lang='lat' dir='ltr'><strong>siue</strong></span> <span class='ocrx_word' id='word_1_129' title='bbox 1717 1704 1862 1762; x_wconf 90' lang='lat' dir='ltr'><strong>locis</strong></span> <span class='ocrx_word' id='word_1_130' title='bbox 1891 1702 2235 1765; x_wconf 81' lang='lat' dir='ltr'><strong>sublimiori·</strong></span> <span class='ocrx_word' id='word_1_131' title='bbox 2267 1727 2287 1763; x_wconf 94' lang='lat'>1</span> <span class='ocrx_word' id='word_1_132' title='bbox 2304 1725 2332 1782; x_wconf 87' lang='lat'><strong>5</strong></span> 
     </span>
     <span class='ocr_line' id='line_1_17' title="bbox 256 1796 2232 1877; baseline 0.004 -24"><span class='ocrx_word' id='word_1_133' title='bbox 256 1797 366 1853; x_wconf 91' lang='lat' dir='ltr'><strong>bus</strong></span> <span class='ocrx_word' id='word_1_134' title='bbox 406 1814 560 1870; x_wconf 87' lang='lat' dir='ltr'><strong>quae</strong></span> <span class='ocrx_word' id='word_1_135' title='bbox 604 1811 930 1858; x_wconf 91' lang='lat' dir='ltr'><strong>memoratu</strong></span> <span class='ocrx_word' id='word_1_136' title='bbox 979 1800 1156 1877; x_wconf 90' lang='lat' dir='ltr'><strong>digna</strong></span> <span class='ocrx_word' id='word_1_137' title='bbox 1201 1812 1379 1876; x_wconf 89' lang='lat' dir='ltr'><strong>atque</strong></span> <span class='ocrx_word' id='word_1_138' title='bbox 1420 1801 1626 1860; x_wconf 89' lang='lat' dir='ltr'><strong>incolis</strong></span> <span class='ocrx_word' id='word_1_139' title='bbox 1668 1812 1830 1876; x_wconf 88' lang='lat' dir='ltr'><strong>grata</strong></span> <span class='ocrx_word' id='word_1_140' title='bbox 1871 1796 2232 1861; x_wconf 87' lang='lat' dir='ltr'><strong>credideram</strong></span> 
     </span>
    </p>
   </div>
   <div class='ocr_carea' id='block_1_7' title="bbox 256 1892 2236 2050">
    <p class='ocr_par' dir='ltr' id='par_1_7' title="bbox 256 1892 2236 2050">
     <span class='ocr_line' id='line_1_18' title="bbox 256 1892 2236 1974; baseline 0.004 -24"><span class='ocrx_word' id='word_1_141' title='bbox 256 1892 563 1968; x_wconf 86' lang='lat' dir='ltr'><strong>diligenter</strong></span> <span class='ocrx_word' id='word_1_142' title='bbox 588 1896 869 1955; x_wconf 87' lang='lat' dir='ltr'><strong>adnotare</strong></span> <span class='ocrx_word' id='word_1_143' title='bbox 906 1897 1124 1971; x_wconf 87' lang='lat' dir='ltr'><strong>curaui,</strong></span> <span class='ocrx_word' id='word_1_144' title='bbox 1155 1899 1315 1973; x_wconf 90' lang='lat' dir='ltr'><strong>apud</strong></span> <span class='ocrx_word' id='word_1_145' title='bbox 1356 1916 1563 1956; x_wconf 90' lang='lat' dir='ltr'><strong>omnes</strong></span> <span class='ocrx_word' id='word_1_146' title='bbox 1603 1899 1851 1957; x_wconf 86' lang='lat' dir='ltr'><strong>fructum</strong></span> <span class='ocrx_word' id='word_1_147' title='bbox 1891 1897 2024 1974; x_wconf 87' lang='lat' dir='ltr'><strong>piae</strong></span> <span class='ocrx_word' id='word_1_148' title='bbox 2064 1898 2236 1959; x_wconf 88' lang='lat' dir='ltr'><strong>inter·</strong></span> 
     </span>
     <span class='ocr_line' id='line_1_19' title="bbox 256 1988 884 2050; baseline 0.003 -2"><span class='ocrx_word' id='word_1_149' title='bbox 256 1988 533 2048; x_wconf 85' lang='lat' dir='ltr'><strong>cessionis</strong></span> <span class='ocrx_word' id='word_1_150' title='bbox 560 1989 884 2050; x_wconf 88' lang='lat' dir='ltr'><strong>inueniam.</strong></span> 
     </span>
    </p>
   </div>
   <div class='ocr_carea' id='block_1_8' title="bbox 530 2372 1970 2441">
    <p class='ocr_par' dir='ltr' id='par_1_8' title="bbox 530 2372 1970 2441">
     <span class='ocr_line' id='line_1_20' title="bbox 530 2372 1970 2441; baseline 0.003 -5"><span class='ocrx_word' id='word_1_151' title='bbox 530 2372 852 2437; x_wconf 86' lang='lat' dir='ltr'><strong>BEDA.·</strong></span> <span class='ocrx_word' id='word_1_152' title='bbox 898 2374 1277 2437; x_wconf 90' lang='lat' dir='ltr'>LETTER</span> <span class='ocrx_word' id='word_1_153' title='bbox 1337 2376 1463 2441; x_wconf 88' lang='lat' dir='ltr'><strong>TO</strong></span> <span class='ocrx_word' id='word_1_154' title='bbox 1527 2376 1970 2441; x_wconf 87' lang='lat' dir='ltr'><strong>ALBINUS.</strong></span> 
     </span>
    </p>
   </div>
   <div class='ocr_carea' id='block_1_9' title="bbox 256 2608 2339 3361">
    <p class='ocr_par' dir='ltr' id='par_1_9' title="bbox 256 2608 2339 3361">
     <span class='ocr_line' id='line_1_21' title="bbox 268 2608 2339 2736; baseline -0.001 -68"><span class='ocrx_word' id='word_1_155' title='bbox 268 2608 1157 2736; x_wconf 84' lang='lat' dir='ltr'>DESIDERANTISSIMO</span> <span class='ocrx_word' id='word_1_156' title='bbox 1200 2623 1259 2672; x_wconf 91' lang='lat' dir='ltr'><strong>et</strong></span> <span class='ocrx_word' id='word_1_157' title='bbox 1298 2613 1769 2673; x_wconf 90' lang='lat' dir='ltr'><strong>reuerentissimo</strong></span> <span class='ocrx_word' id='word_1_158' title='bbox 1811 2613 1959 2691; x_wconf 91' lang='lat' dir='ltr'><strong>patri</strong></span> <span class='ocrx_word' id='word_1_159' title='bbox 1986 2628 2234 2682; x_wconf 85' lang='lat' dir='ltr'><strong>ALBINO,</strong></span> <span class='ocrx_word' id='word_1_160' title='bbox 2267 2627 2339 2664; x_wconf 88' lang='lat'><strong>20</strong></span> 
     </span>
     <span class='ocr_line' id='line_1_22' title="bbox 473 2706 2235 2785; baseline 0.001 -20"><span class='ocrx_word' id='word_1_161' title='bbox 473 2723 636 2765; x_wconf 82' lang='lat' dir='ltr'><strong>BEDA</strong></span> <span class='ocrx_word' id='word_1_162' title='bbox 671 2706 888 2766; x_wconf 91' lang='lat' dir='ltr'><strong>Christi</strong></span> <span class='ocrx_word' id='word_1_163' title='bbox 920 2709 1169 2766; x_wconf 87' lang='lat' dir='ltr'><strong>famulus</strong></span> <span class='ocrx_word' id='word_1_164' title='bbox 1202 2710 1462 2769; x_wconf 89' lang='lat' dir='ltr'><strong>salutem.</strong></span> <span class='ocrx_word' id='word_1_165' title='bbox 1547 2709 1972 2785; x_wconf 82' lang='lat' dir='ltr'><strong>gratantissime</strong></span> <span class='ocrx_word' id='word_1_166' title='bbox 2008 2707 2235 2783; x_wconf 91' lang='lat' dir='ltr'><strong>suscepi</strong></span> 
     </span>
     <span class='ocr_line' id='line_1_23' title="bbox 256 2801 2236 2882; baseline 0 -21"><span class='ocrx_word' id='word_1_167' title='bbox 256 2801 602 2861; x_wconf 79' lang='lat' dir='ltr'><strong>munuscula</strong></span> <span class='ocrx_word' id='word_1_168' title='bbox 647 2813 781 2861; x_wconf 89' lang='lat' dir='ltr'><strong>tuae</strong></span> <span class='ocrx_word' id='word_1_169' title='bbox 830 2802 1175 2875; x_wconf 82' lang='lat' dir='ltr'><strong>dilectioniS,</strong></span> <span class='ocrx_word' id='word_1_170' title='bbox 1223 2824 1375 2881; x_wconf 88' lang='lat' dir='ltr'><strong>quae</strong></span> <span class='ocrx_word' id='word_1_171' title='bbox 1421 2825 1527 2882; x_wconf 89' lang='lat' dir='ltr'><strong>per</strong></span> <span class='ocrx_word' id='word_1_172' title='bbox 1568 2806 1963 2864; x_wconf 86' lang='lat' dir='ltr'><strong>uenerabilem</strong></span> <span class='ocrx_word' id='word_1_173' title='bbox 2005 2806 2236 2862; x_wconf 84' lang='lat' dir='ltr'><strong>fratrem</strong></span> 
     </span>
     <span class='ocr_line' id='line_1_24' title="bbox 258 2899 2239 2977; baseline -0.001 -18"><span class='ocrx_word' id='word_1_174' title='bbox 258 2912 519 2959; x_wconf 89' lang='lat' dir='ltr'><strong>nostrum</strong></span> <span class='ocrx_word' id='word_1_175' title='bbox 575 2917 971 2958; x_wconf 84' lang='lat' dir='ltr'><strong>NOTHELMVM</strong></span> <span class='ocrx_word' id='word_1_176' title='bbox 1014 2900 1414 2977; x_wconf 89' lang='lat' dir='ltr'><strong>presbyterum</strong></span> <span class='ocrx_word' id='word_1_177' title='bbox 1455 2899 1685 2960; x_wconf 89' lang='lat' dir='ltr'><strong>mittere</strong></span> <span class='ocrx_word' id='word_1_178' title='bbox 1734 2900 2006 2977; x_wconf 91' lang='lat' dir='ltr'><strong>dignatus</strong></span> <span class='ocrx_word' id='word_1_179' title='bbox 2051 2919 2127 2971; x_wconf 83' lang='lat' dir='ltr'><strong>eS,</strong></span> <span class='ocrx_word' id='word_1_180' title='bbox 2178 2910 2239 2958; x_wconf 91' lang='lat' dir='ltr'><strong>et</strong></span> 
     </span>
     <span class='ocr_line' id='line_1_25' title="bbox 257 2994 2312 3071; baseline -0.001 -17"><span class='ocrx_word' id='word_1_181' title='bbox 257 2994 509 3054; x_wconf 88' lang='lat' dir='ltr'><strong>maxime</strong></span> <span class='ocrx_word' id='word_1_182' title='bbox 536 2994 772 3067; x_wconf 89' lang='lat' dir='ltr'><strong>litteras,</strong></span> <span class='ocrx_word' id='word_1_183' title='bbox 803 2995 1013 3071; x_wconf 92' lang='lat' dir='ltr'><strong>quibus</strong></span> <span class='ocrx_word' id='word_1_184' title='bbox 1041 3015 1137 3055; x_wconf 90' lang='lat' dir='ltr'><strong>me</strong></span> <span class='ocrx_word' id='word_1_185' title='bbox 1165 2997 1282 3056; x_wconf 89' lang='lat' dir='ltr'><strong>iam</strong></span> <span class='ocrx_word' id='word_1_186' title='bbox 1313 2996 1572 3055; x_wconf 91' lang='lat' dir='ltr'><strong>secunda</strong></span> <span class='ocrx_word' id='word_1_187' title='bbox 1597 2996 1728 3056; x_wconf 88' lang='lat' dir='ltr'><strong>uice</strong></span> <span class='ocrx_word' id='word_1_188' title='bbox 1756 2996 1818 3054; x_wconf 90' lang='lat' dir='ltr'><strong>in</strong></span> <span class='ocrx_word' id='word_1_189' title='bbox 1845 2994 2238 3055; x_wconf 89' lang='lat' dir='ltr'><strong>ecclesiastica</strong></span> <span class='ocrx_word' id='word_1_190' title='bbox 2305 2999 2312 3006; x_wconf 84' lang='lat'>&#39;</span> 
     </span>
     <span class='ocr_line' id='line_1_26' title="bbox 257 3090 2337 3169; baseline -0 -19"><span class='ocrx_word' id='word_1_191' title='bbox 257 3090 447 3166; x_wconf 89' lang='lat' dir='ltr'><strong>gentis</strong></span> <span class='ocrx_word' id='word_1_192' title='bbox 479 3101 711 3151; x_wconf 91' lang='lat' dir='ltr'><strong>nostrae</strong></span> <span class='ocrx_word' id='word_1_193' title='bbox 743 3091 999 3163; x_wconf 88' lang='lat' dir='ltr'><strong>historia,</strong></span> <span class='ocrx_word' id='word_1_194' title='bbox 1030 3092 1108 3150; x_wconf 90' lang='lat' dir='ltr'><strong>ad</strong></span> <span class='ocrx_word' id='word_1_195' title='bbox 1141 3111 1321 3167; x_wconf 91' lang='lat' dir='ltr'><strong>quam</strong></span> <span class='ocrx_word' id='word_1_196' title='bbox 1354 3110 1449 3149; x_wconf 89' lang='lat' dir='ltr'><strong>me</strong></span> <span class='ocrx_word' id='word_1_197' title='bbox 1483 3091 1851 3151; x_wconf 85' lang='lat' dir='ltr'><strong>scribendam</strong></span> <span class='ocrx_word' id='word_1_198' title='bbox 1891 3091 2243 3151; x_wconf 89' lang='lat' dir='ltr'><strong>iamdudum</strong></span> <span class='ocrx_word' id='word_1_199' title='bbox 2266 3114 2295 3149; x_wconf 87' lang='lat'>2</span> <span class='ocrx_word' id='word_1_200' title='bbox 2306 3110 2337 3169; x_wconf 81' lang='lat'>5</span> 
     </span>
     <span class='ocr_line' id='line_1_27' title="bbox 258 3185 2239 3266; baseline 0 -21"><span class='ocrx_word' id='word_1_201' title='bbox 258 3185 651 3263; x_wconf 80' lang='lat' dir='ltr'><strong>instigaueraS,</strong></span> <span class='ocrx_word' id='word_1_202' title='bbox 681 3190 883 3247; x_wconf 89' lang='lat' dir='ltr'><strong>creber</strong></span> <span class='ocrx_word' id='word_1_203' title='bbox 908 3188 1184 3248; x_wconf 89' lang='lat' dir='ltr'><strong>adiuuare</strong></span> <span class='ocrx_word' id='word_1_204' title='bbox 1211 3200 1387 3265; x_wconf 88' lang='lat' dir='ltr'><strong>atque</strong></span> <span class='ocrx_word' id='word_1_205' title='bbox 1416 3187 1715 3248; x_wconf 89' lang='lat' dir='ltr'><strong>instituere</strong></span> <span class='ocrx_word' id='word_1_206' title='bbox 1743 3188 1972 3249; x_wconf 86' lang='lat' dir='ltr'><strong>curasti.</strong></span> <span class='ocrx_word' id='word_1_207' title='bbox 2002 3199 2239 3266; x_wconf 90' lang='lat' dir='ltr'><strong>propter</strong></span> 
     </span>
     <span class='ocr_line' id='line_1_28' title="bbox 262 3284 2237 3361; baseline 0.002 -20"><span class='ocrx_word' id='word_1_208' title='bbox 262 3285 424 3358; x_wconf 91' lang='lat' dir='ltr'><strong>quod</strong></span> <span class='ocrx_word' id='word_1_209' title='bbox 451 3294 510 3343; x_wconf 94' lang='lat' dir='ltr'><strong>et</strong></span> <span class='ocrx_word' id='word_1_210' title='bbox 536 3284 662 3360; x_wconf 90' lang='lat' dir='ltr'><strong>ipse</strong></span> <span class='ocrx_word' id='word_1_211' title='bbox 689 3284 795 3344; x_wconf 90' lang='lat' dir='ltr'><strong>tibi</strong></span> <span class='ocrx_word' id='word_1_212' title='bbox 831 3285 1152 3345; x_wconf 91' lang='lat' dir='ltr'><strong>rectissime</strong></span> <span class='ocrx_word' id='word_1_213' title='bbox 1183 3289 1456 3347; x_wconf 87' lang='lat' dir='ltr'><strong>eamdem</strong></span> <span class='ocrx_word' id='word_1_214' title='bbox 1491 3286 1809 3361; x_wconf 88' lang='lat' dir='ltr'><strong>historiam,</strong></span> <span class='ocrx_word' id='word_1_215' title='bbox 1840 3306 1983 3346; x_wconf 84' lang='lat' dir='ltr'><strong>mox</strong></span> <span class='ocrx_word' id='word_1_216' title='bbox 2007 3297 2073 3346; x_wconf 92' lang='lat' dir='ltr'><strong>ut</strong></span> <span class='ocrx_word' id='word_1_217' title='bbox 2097 3305 2237 3344; x_wconf 92' lang='lat' dir='ltr'><strong>con·</strong></span> 
     </span>
    </p>
   </div>
   <div class='ocr_carea' id='block_1_10' title="bbox 338 3424 2183 3497">
    <p class='ocr_par' dir='ltr' id='par_1_10' title="bbox 338 3424 2183 3497">
     <span class='ocr_line' id='line_1_29' title="bbox 338 3424 2183 3497; baseline 0.004 -23"><span class='ocrx_word' id='word_1_218' title='bbox 338 3424 359 3456; x_wconf 79' lang='lat'>²</span> <span class='ocrx_word' id='word_1_219' title='bbox 390 3427 695 3477; x_wconf 84' lang='lat' dir='ltr'><strong>accomodans</strong></span> <span class='ocrx_word' id='word_1_220' title='bbox 714 3445 803 3478; x_wconf 85' lang='lat' dir='ltr'><strong>ms.</strong></span> <span class='ocrx_word' id='word_1_221' title='bbox 835 3443 898 3478; x_wconf 83' lang='lat'><strong>20</strong></span> <span class='ocrx_word' id='word_1_222' title='bbox 919 3429 1167 3497; x_wconf 83' lang='lat' dir='ltr'><strong>Mabillon</strong></span> <span class='ocrx_word' id='word_1_223' title='bbox 1186 3438 1355 3481; x_wconf 88' lang='lat' dir='ltr'><strong>uetera</strong></span> <span class='ocrx_word' id='word_1_224' title='bbox 1374 3431 1597 3483; x_wconf 79' lang='lat' dir='ltr'><strong>analecta</strong></span> <span class='ocrx_word' id='word_1_225' title='bbox 1619 3433 1757 3482; x_wconf 88' lang='lat' dir='ltr'><strong>Paris</strong></span> <span class='ocrx_word' id='word_1_226' title='bbox 1783 3444 1903 3495; x_wconf 78' lang='lat'>1723</span> <span class='ocrx_word' id='word_1_227' title='bbox 1926 3431 1995 3479; x_wconf 85' lang='lat' dir='ltr'><strong>fol</strong></span> <span class='ocrx_word' id='word_1_228' title='bbox 2014 3445 2050 3493; x_wconf 91' lang='lat' dir='ltr'><strong>p</strong></span> <span class='ocrx_word' id='word_1_229' title='bbox 2073 3432 2183 3493; x_wconf 79' lang='lat'><strong>398.</strong></span> 
     </span>
    </p>
   </div>
   <div class='ocr_carea' id='block_1_11' title="bbox 2552 652 2558 1939">
    <p class='ocr_par' dir='ltr' id='par_1_11' title="bbox 2552 652 2558 1939">
     <span class='ocr_line' id='line_1_30' title="bbox 2552 652 2558 1939; baseline 0 0"><span class='ocrx_word' id='word_1_230' title='bbox 2552 652 2558 1939; x_wconf 95' lang='lat' dir='ltr'><strong> </strong></span> 
     </span>
    </p>
   </div>
   <div class='ocr_carea' id='block_1_12' title="bbox 2553 2174 2557 2731">
    <p class='ocr_par' dir='ltr' id='par_1_12' title="bbox 2553 2174 2557 2731">
     <span class='ocr_line' id='line_1_31' title="bbox 2553 2174 2557 2731; baseline 0 0"><span class='ocrx_word' id='word_1_231' title='bbox 2553 2174 2557 2731; x_wconf 95' lang='lat' dir='ltr'><strong> </strong></span> 
     </span>
    </p>
   </div>
  </div>
 </body>
</html>
