2567 3750
263 37 321 120 1]
633 55 730 105 OF
759 56 892 105 HIS
927 55 1015 119 Jo
1023 56 1288 105 URNEY
1328 56 1417 106 To
1458 54 1841 105 ENGLAND.
2144 54 2236 116 or

256 188 477 247 dissent
521 188 774 249 Iohanni
815 188 1253 264 archiepiscopo
1300 185 1550 246 ciuitatis
1602 183 1753 243 illius
1806 182 2018 259 scripta
2070 203 2228 243 com-

182 315 186 319 ·
254 284 609 344 mendaticia
634 285 913 344 Vitaliani
940 285 1247 362 pontificiS‚
1277 283 1486 344 retenti
1522 293 1656 342 sunt
1692 284 1765 341 ab
1798 301 1885 355 e0‚
1918 300 2223 359 quousque

255 380 507 440 Ebrinus
527 381 712 442 maior
732 384 940 442 domus
961 383 1150 460 regiae
1171 382 1405 457 copiam
1432 380 1711 457 pergendi
1738 399 1978 456 quoquo
2005 381 2226 439 uellent

252 475 451 535 tribuit
488 475 587 537 eiS.
673 496 790 553 qua
824 489 1068 554 accepta
1109 478 1459 536 Theodorus
1501 477 1794 551 profectus
1832 486 1920 535 est
1954 476 2030 535 ad
2068 475 2227 552 Agil⁴

190 586 222 644 5
253 572 517 631 berctum
561 573 912 634 Parisiorum
955 575 1312 650 episcopum,
1359 574 1435 632 de
1479 592 1599 648 quo
1641 571 1901 647 superius
1955 571 2236 644 diximus‚=

251 682 310 730 et
345 673 420 732 ab
459 690 532 732 eo
568 673 820 750 benigne
857 686 1158 751 susceptus
1202 686 1262 734 et
1304 676 1489 735 multo
1533 660 1795 749 ternpore
1838 674 2069 734 habitus
2113 688 2218 735 est.

251 767 592 828 Hadrianus
638 769 886 846 perrexit
929 770 1179 846 primum
1217 772 1296 829 ad
1333 774 1544 829 Emme
1582 772 1883 829 Senonum
1918 772 1975 829 et
2017 782 2224 845 postea

249 870 326 928 ad
376 871 667 930 Faronem
706 871 1045 930 Meldorum
1088 871 1411 946 episcopm,
1451 881 1511 930 et
1546 872 1700 929 bene
1738 870 1846 928 sub
1882 868 1967 928 eis
2007 868 2238 928 diutius-

247 965 394 1023 fuit:
464 976 732 1042 coegerat
785 967 942 1026 enirn
997 986 1098 1026 eos
1152 966 1442 1025 inminens
1509 965 1697 1024 hiems
1749 976 1814 1023 ut
1867 963 2238 1039 ubicumque*

154 1081 223 1119 10
247 1060 573 1136 potuissent
618 1061 800 1137 quieti
852 1073 1168 1122 manerent.
1254 1064 1418 1138 quod
1472 1081 1605 1120 cum
1660 1059 1851 1119 nuntii
1903 1059 2045 1118 certi
2099 1079 2234 1118 nar-·

245 1169 470 1218 rassent
510 1158 631 1236 regi
675 1159 1016 1237 Ecgberct0‚
1067 1179 1193 1221 esse
1241 1159 1461 1219 scilicet
1508 1158 1848 1234 episcopum
1903 1177 2079 1234 quem
2124 1179 2223 1235 pe-
2275 1168 2278 1173 '

247 1253 458 1314 tierant
497 1275 534 1314 a
570 1258 845 1316 Romano
888 1256 1142 1315 antistite
1185 1256 1246 1314 in
1290 1274 1468 1332 regno
1512 1258 1883 1327 Francorum,
1921 1254 2078 1314 misit
2118 1256 2221 1315 illo

244 1347 530 1409 continuo
584 1350 969 1410 Raedfridum
1035 1351 1391 1426 praesectum
1444 1369 1614 1408 suum
1668 1351 1744 1409 ad
1805 1350 2219 1409 adducendum

244 1462 420 1504 eum:
461 1463 580 1520 quo
617 1464 753 1504 cum
791 1444 1062 1517 uenisset,
1101 1445 1384 1504 adsumsit
1419 1445 1799 1503 Theodorum
1839 1464 1974 1503 cum
2016 1444 2220 1503 Ebrini

153 1559 216 1615 15
244 1536 496 1612 licentia,
537 1549 597 1598 et
635 1539 904 1615 perduxit
944 1559 1079 1599 eum
1122 1539 1199 1598 ad
1242 1550 1476 1614 portum
1514 1538 1608 1598 cui
1650 1558 1867 1598 nomen
1905 1550 1990 1599 est
2026 1540 2221 1612 Quen-

244 1634 417 1707 tauic‚
457 1633 538 1695 ibi
573 1635 841 1712 fatigatus
884 1634 1215 1694 infirmitate
1262 1634 1677 1711 aliquantisper
1723 1646 1978 1695 moratus
2016 1647 2103 1695 est
2140 1648 2216 1708 et,

244 1749 379 1789 cum
423 1733 833 1791 conualescere
875 1717 1177 1806 coepisset,
1224 1730 1517 1806 nauigauit
1561 1730 1918 1790 Brittaniam.
2006 1732 2220 1791 Hadri·

241 1844 420 1886 anum
469 1837 666 1887 autem
715 1826 967 1887 Ebrinus
1010 1825 1261 1899 retinuit,
1308 1826 1586 1903 quoniam
1633 1827 2034 1903 suspicabatur
2079 1848 2215 1888 eum

240 1923 458 1984 habere
493 1923 751 2000 aliquam
787 1923 1135 2001 legationem
1181 1923 1542 2000 imperatoris
1578 1925 1655 1983 ad
1697 1924 2009 1984 Brittaniae
2053 1946 2227 2003 reges'

149 2034 216 2073 20
240 2019 518 2078 aduersus
546 2039 803 2096 regnum,
839 2019 1003 2078 cuius
1040 2030 1180 2078 tunc
1216 2019 1341 2095 ipse
1378 2018 1693 2077 maximam
1729 2039 1928 2078 curam
1962 2022 2211 2096 gerebat.

240 2113 343 2172 sed
373 2133 511 2172 cum
545 2114 689 2172 nihil
724 2117 841 2173 tale
875 2114 1038 2172 illurn
1074 2115 1290 2173 habere
1321 2116 1418 2173 uel
1449 2113 1719 2174 habuisse
1750 2114 2034 2174 ueraciter
2058 2134 2215 2174 corn-

236 2207 497 2284 perisset,
527 2209 776 2269 absoluit
809 2228 944 2269 eum
982 2220 1041 2269 et
1073 2221 1208 2285 post
1233 2211 1615 2270 Theodorum
1642 2209 1724 2269 ire
1750 2209 2025 2284 permisit.
2112 2210 2213 2285 qui

239 2304 434 2364 statim
481 2316 545 2364 ut
588 2306 665 2364 ad
718 2304 883 2364 illum
935 2305 1113 2379 uenit,
1173 2305 1337 2364 dedit
1384 2304 1800 2364 monasterium
1851 2305 2009 2364 beati
2058 2306 2214 2364 Petri

235 2401 501 2477 apostoli,
532 2401 636 2461 ubi
662 2401 1083 2477 archiepiscopi
1112 2401 1356 2462 Cantiae
1383 2401 1628 2476 sepeliri,
1656 2411 1723 2460 ut
1747 2402 2035 2476 praefatus
2063 2420 2207 2473 sum,

146 2519 174 2557 2
181 2517 209 2576 5
236 2499 442 2558 solent.
526 2508 901 2573 praeceperat
934 2497 1091 2557 enim
1126 2498 1445 2557 Theodoro
1478 2499 1717 2557 abeunti
1751 2498 2004 2557 domnus
2048 2517 2212 2573 apos-

234 2594 461 2668 tolicuS‚
507 2604 574 2653 ut
620 2592 682 2652 in
724 2593 948 2653 diocesi
990 2612 1095 2653 sua
1134 2593 1467 2669 prouideret
1512 2604 1571 2653 et
1613 2595 1779 2653 daret
1818 2593 1873 2653 ei
1913 2594 2111 2653 locum
2149 2593 2209 2651 in

233 2679 352 2766 quo
380 2679 668 2749 curn'suis
694 2689 829 2765 apte
856 2679 1391 2766 degere'potuisse‘t.
1425 2683 1434 2689 ”

423 2856 446 2891 ⁵
477 2858 794 2908 Paniscorum
815 2874 876 2923 pr
896 2873 1029 2907 man.
1057 2859 1170 2907 -z’or-
1195 2874 1286 2908 sec.
1665 2855 1690 2891 ⁰
1719 2865 1903 2923 cogerat
1922 2874 2012 2909 ms.

823 2935 866 2969 21
899 2939 1136 2973 th‘orum}
1153 2955 1214 2973 nr
1233 2954 1346 2973 mon
1391 2946 1503 2973 -nu»⁸
1523 2954 1614 2973 eno.
