2567 3750
2026 193 2248 275 [rasn-

889 504 1613 578 TESTIMONIA
1700 575 1704 579 .

1242 705 1273 763 I
1341 748 1346 757 .

275 849 933 973 DILECTISSIMO
979 849 1041 908 in
1088 816 1325 911 Christo
1370 848 1668 909 collectori
1711 847 2024 911 Cuthwino
2067 848 2248 909 Cuth-

475 949 672 1006 bertus
714 945 1152 1021 condiscipulus
1189 945 1250 1003 in
1286 947 1402 1005 deo
1439 956 1734 1004 aeternam
1775 947 2038 1006 salutem.
2123 964 2249 1003 mu-

261 1047 571 1106 nusculum
611 1047 775 1122 quod
815 1043 1022 1104 misisti
1059 1044 1309 1101 multum
1347 1042 1594 1101 libenter
1628 1041 1846 1117 accepi,
1878 1044 2246 1117 multumque

261 1150 552 1217 gratanter
576 1140 769 1198 literas
796 1150 930 1197 tuae
952 1138 1204 1196 deuotae
1226 1135 1569 1196 eruditionis
1589 1136 1722 1211 legi,
1745 1136 1807 1194 in
1830 1135 2061 1211 quibuS,
2083 1136 2246 1212 quod

264 1235 516 1294 maxime
558 1234 983 1305 desiderabam,
1027 1231 1234 1290 missas
1282 1230 1559 1290 uidelicet
1601 1241 1659 1290 et
1703 1229 2006 1290 oraciones
2061 1250 2248 1290 sacro-
2310 1253 2343 1310 5

264 1342 493 1390 sanctas
520 1350 628 1406 pro
656 1332 771 1389 deo
802 1330 1018 1389 dilecto
1045 1339 1208 1405 patre
1236 1348 1308 1387 ac
1334 1328 1610 1404 magistro
1635 1329 1835 1387 Baeda
1860 1348 1896 1387 a
1922 1327 2095 1388 uobis
2124 1329 2249 1388 dili-

263 1436 466 1502 genter
492 1424 768 1484 celebrari
809 1423 1051 1500 repperi.
1135 1425 1296 1482 unde
1325 1424 1578 1482 delectat
1606 1423 1791 1498 magis
1817 1442 1925 1499 pro
1954 1423 2080 1483 eius
2106 1423 2248 1482 cari·

264 1532 401 1592 tate,
445 1540 623 1597 quam
677 1523 856 1579 fretus
904 1519 1158 1595 ingenio,
1204 1519 1408 1595 paucis
1457 1519 1824 1578 sermonibus
1866 1517 2079 1590 dicere,
2126 1534 2246 1595 quo

266 1616 471 1675 ordine
489 1615 767 1690 ‚migraret
804 1634 839 1672 a
877 1616 1129 1687 saeculo,
1161 1633 1299 1672 cum
1333 1614 1509 1673 etiam
1543 1614 1659 1672 hoc
1695 1624 1753 1672 te
1787 1612 2148 1672 desiderasse
2188 1624 2247 1673 et

267 1708 602 1784 poposcisse
631 1708 902 1767 intellexi.
962 1719 1233 1785 grauatus
1261 1720 1349 1768 est
1378 1708 1618 1784 quidem
1646 1707 1979 1768 infirmitate
2006 1718 2065 1766 et
2092 1727 2247 1767 max-
2276 1733 2347 1770 10

265 1805 385 1865 ime
411 1805 741 1865 creberrimi
768 1805 1074 1879 anhelitu5‚
1105 1806 1211 1863 sed
1239 1815 1439 1863 tamen
1465 1822 1618 1880 pene
1647 1804 1773 1863 sine
1800 1803 1998 1880 aliquo
2026 1804 2248 1877 dolore,

266 1912 403 1961 ante
439 1900 598 1959 diem
626 1912 823 1960 autem
860 1900 1293 1968 resurrectionis
1322 1900 1636 1971 dominice,
1666 1898 1729 1957 id
1757 1910 1845 1958 est
1873 1901 1990 1958 fere
2019 1900 2247 1958 duabus

267 1997 697 2057 ebdomadibus
709 2019 727 2071 ;
754 2008 813 2057 et
842 1997 925 2056 sic
945 2010 1152 2074 postea
1177 1999 1328 2056 letus
1350 2007 1408 2056 et
1428 1998 1691 2072 gaudens
1712 1995 2050 2072 graciasque
2070 2015 2249 2073 agens

268 2095 657 2170 omnipotenti
704 2096 819 2154 deo
864 2094 1028 2153 omni
1071 2093 1168 2153 die
1213 2104 1271 2153 et
1313 2104 1506 2165 nocte,
1550 2092 1735 2151 immo
1775 2092 1932 2151 horis
1975 2092 2248 2151 omnibus

266 2210 454 2266 usque
482 2192 560 2249 ad
583 2191 742 2249 diem
762 2189 1122 2249 ascensionis
1144 2188 1495 2258 dominicae,
1519 2187 1581 2247 id
1611 2199 1698 2247 est
1725 2188 1802 2246 vii
1830 2187 1893 2247 id
1920 2198 2038 2247 mai
2066 2189 2247 2248 uitam
2278 2218 2300 2254 1
2312 2214 2341 2272 5

269 2286 539 2357 ducebat,
570 2296 628 2344 et
666 2284 838 2344 nobis
876 2283 995 2342 suis
1034 2283 1336 2359 discipulis
1371 2282 1613 2342 cottidie
1640 2282 1934 2341 lecciones
1963 2284 2159 2355 dabat,
2190 2294 2247 2343 et

269 2378 560 2455 quidquid
580 2379 865 2454 reliquum
889 2377 996 2436 fuit
1019 2377 1139 2436 diei
1159 2378 1220 2435 in
1241 2378 1602 2453 psalmorum
1623 2388 1815 2449 canta,
1840 2388 2012 2452 prout
2039 2377 2246 2452 potuit,

269 2495 333 2535 se
377 2477 739 2553 occupabat3
787 2485 973 2534 totam
1016 2494 1158 2534 uero
1203 2485 1444 2533 noctem
1490 2474 1643 2532 letus
1680 2473 1741 2531 in
1780 2473 2152 2533 oracionibus
2190 2484 2248 2534 et

268 2572 590 2648 graciarum
621 2572 862 2630 accione
892 2572 1007 2630 deo
1036 2573 1250 2631 ducere
1280 2571 1554 2629 studebat
1582 2569 1696 2629 nisi
1723 2580 1952 2628 tantum
1981 2570 2250 2630 modicus

271 2686 514 2727 somnus
540 2666 864 2748 impediret.
923 2666 1183 2741 itemque
1212 2678 1410 2726 autem
1439 2666 1719 2742 euigilans
1749 2666 1943 2725 statim
1970 2655 2252 2727 consueta
2277 2701 2347 2737 20

271 2763 681 2839 scripturarum
729 2762 1133 2821 modulamina
1183 2762 1514 2821 ruminabat
1563 2762 1933 2838 extensisque
1982 2763 2253 2823 manibus

272 2859 389 2918 deo
416 2858 622 2934 gratias
652 2877 820 2933 agere
849 2877 972 2916 non
1001 2868 1088 2916 est
1117 2857 1350 2917 oblitus,
1414 2876 1552 2916 uere
1578 2859 1763 2915 fateor
1789 2857 1927 2932 quia
1954 2857 2252 2916 neminem

272 2974 533 3030 unquam
580 2954 759 3013 alium
808 2954 993 3014 oculis
1042 2953 1190 3013 meis
1242 2953 1369 3012 uidi
1423 2972 1535 3013 nec
1588 2953 1823 3012 auribus
1870 2953 2088 3026 audiui,
2131 2965 2250 3012 tam

274 3051 580 3127 diligenter
598 3051 820 3126 gracias
842 3052 958 3110 deo
980 3051 1120 3110 uiuo
1141 3052 1366 3110 referre.
1411 3069 1448 3108 o
1469 3069 1608 3110 uere
1628 3051 1834 3109 beatus
1855 3050 1944 3110 uir
1966 3055 1978 3110 1
2007 3052 2253 3109 canebat

275 3157 471 3205 autem
526 3147 884 3206 sentenciam
933 3147 1119 3206 sancti
1169 3146 1336 3206 Pauli
1382 3146 1633 3223 apostoli
1688 3146 1937 3206 dicentis
1990 3150 2004 3178 ‘
2023 3149 2254 3206 horren-
2278 3173 2342 3232 25

277 3244 421 3302 dum
461 3255 550 3304 est
588 3244 847 3304 incidere
886 3244 949 3303 in
990 3264 1199 3304 manus
1236 3245 1335 3304 dei
1375 3245 1653 3305 uiuentis'
1697 3257 1756 3305 et
1799 3248 1982 3305 multa
2021 3246 2135 3306 alia
2176 3248 2253 3307 de

373 3359 394 3392 ¹
426 3359 447 3390 ²
478 3362 1037 3426 dilectissimo...salutem
1070 3371 1159 3412 not
1191 3364 1242 3413 in
1277 3376 1438 3413 CCle
1465 3363 1556 3413 but
1587 3365 1602 3389 ‘
1616 3364 1787 3427 incipit
1817 3364 1880 3413 de
1905 3363 2184 3412 ualetudine
2205 3370 2255 3412 et

280 3423 417 3472 obitu
438 3426 728 3474 uenerabilis
750 3428 887 3475 Beda
908 3427 1211 3493 presbyteri.'
