2567 3750
276 241 335 324 5]
570 259 749 309 [Νη
756 258 1013 309 UENCE
1060 260 1156 309 OF
1174 252 1530 311 'AEDAN’S
1564 261 1949 312 EXAMPLE.
2007 253 2016 257 ’
2187 263 2257 321 27

269 389 553 450 tinentiae
597 390 823 450 clericis
868 393 1204 468 exemplum
1250 392 1526 469 reliquit,
1589 392 1758 452 cuius
1814 390 2143 452 doctrinam
2197 390 2261 449 id

270 487 525 546 maxime
558 488 1021 547 commendabat
1046 487 1344 560 omnibus»,
1383 490 1549 564 quod
1591 508 1716 547 non
1753 489 1922 549 aliter
1959 508 2133 566 quam
2175 488 2262 547 ui-

269 585 448 642 uebat
507 602 648 641 cum
702 583 820 642 suis
874 582 1004 659 ipse
1058 584 1331 643 docebat.
1428 584 1514 643 nil
1582 586 1743 644 enim
1809 586 1986 645 huius
2050 583 2258 643 mundi

271 699 549 755 quaerere
578 679 661 738 nil
689 699 885 739 amare
914 682 1171 740 curabat.
1256 692 1472 740 cuncta
1500 702 1651 758 quae
1680 682 1792 742 sibi
1828 703 1864 742 a
1896 683 2128 759 regibus
2159 684 2258 741 uel

217 776 555 837 5diuitibus
604 776 821 836 saeculi
870 777 1246 837 donabantur
1298 797 1439 837 mox
1490 778 1848 854 pauperibus
1902 779 2004 854 qui
2059 798 2259 838 occur-

269 881 461 930 rerent
503 878 743 947 erogar'e
783 872 1093 948 gaudebat.
1181 871 1506 931 discurrere
1544 892 1651 948 per
1690 883 1904 931 cuncta
1939 882 1999 931 et
2033 873 2259 931 urbana

272 976 331 1025 et
380 967 605 1025 rustica
656 969 791 1026 loca
835 987 958 1028 non
1013 987 1304 1044 equorum
1360 969 1541 1028 dorso
1588 970 1695 1029 sed
1748 969 1970 1044 pedum
2023 967 2258 1027 incessu

272 1074 492 1134 uectus,
533 1063 647 1122 nisi
689 1063 738 1122 si
778 1063 968 1123 maior
1006 1065 1156 1125 forte
1196 1066 1519 1125 necessitas
1556 1065 1955 1142 compulisset,
1991 1066 2257 1139 solebat3

275 1159 547 1234 quatinus
596 1160 955 1236 ubicumque
991 1160 1220 1238 aliquos
1256 1164 1354 1222 uel
1394 1162 1608 1221 diuites
1645 1164 1741 1221 uel
1779 1180 2065 1237 pauperes
2103 1160 2258 1220 ince-

188 1273 250 1310 10
274 1257 418 1317 dens
460 1258 805 1333 aspexisset,
846 1259 1158 1318 confestim
1199 1260 1275 1320 ad
1330 1262 1441 1319 hos
1497 1259 1811 1330 diuertenS‚
1856 1261 1953 1317 uel
2000 1260 2080 1318 ad
2118 1257 2256 1317 fidei

274 1352 684 1429 suscipiendae
721 1365 1156 1414 sacramentum
1200 1355 1248 1414 si
1282 1355 1551 1414 infideles
1591 1365 1786 1414 essent
1822 1353 2112 1425 inuitaret‚
2157 1355 2257 1411 uel

273 1447 322 1506 si
374 1450 603 1521 fideles,
659 1449 723 1508 in
777 1449 906 1525 ipsa
958 1469 1063 1510 eos
1110 1452 1230 1510 fide
1277 1452 1638 1510 confortaret
1690 1458 1869 1525 atque
1921 1450 2000 1508 ad
2055 1449 2257 1509 elimo-

270 1561 442 1618 synas
468 1563 838 1622 operumque
870 1546 1165 1606 bonorum
1196 1547 1638 1607 exsecutionem
1669 1558 1728 1606 et
1753 1545 1948 1606 uerbis
1978 1547 2256 1606 excitaret

271 1648 329 1695 et
355 1639 545 1699 factis,

185 1761 244 1820 15
389 1738 464 1794 In
506 1747 740 1795 tantum
780 1746 978 1794 autem
1020 1735 1144 1795 uita
1181 1737 1337 1796 illius
1378 1756 1415 1796 a
1455 1735 1638 1796 nostri
1680 1735 1959 1811 temporis
2007 1733 2256 1810 segnitia

272 1829 525 1890 distabat
551 1840 620 1890 ut
647 1850 855 1891 omnes
885 1830 987 1908 qui
1025 1849 1162 1891 cum
1200 1850 1273 1891 eo
1312 1832 1673 1891 incedebant
1712 1831 1837 1890 siue
1875 1829 2110 1889 adtonsi
2148 1846 2252 1887 seu

271 1931 402 1990 laici
438 1932 712 1992 meditari
754 1933 1059 2004 deberent,
1110 1933 1172 1992 id
1211 1943 1300 1992 est
1346 1944 1450 1992 aut
1494 1932 1759 2008 legendis
1809 1931 2103 2007 scripturis
2145 1941 2253 1989 aut

269 2027 507 2104 psalmis
546 2027 844 2086 discendis
885 2046 1128 2103 operam
1166 2029 1321 2087 dare.
1404 2030 1523 2086 hoc
1552 2039 1672 2086 erat
1699 2026 2064 2085 cotidianum
2103 2044 2253 2100 opus

268 2124 420 2183 illius
468 2133 529 2182 et
578 2123 846 2183 omnium
895 2123 995 2199 qui
1044 2143 1177 2182 cum
1226 2144 1301 2183 eo
1358 2134 1523 2183 erant
1573 2123 1932 2198 ubicumque
1985 2124 2252 2181 locorum

183 2242 247 2279 20
272 2220 663 2281 deuenissent.
748 2229 811 2279 et
848 2220 896 2279 si
928 2221 1078 2280 forte
1115 2221 1425 2291 euenisset,
1457 2221 1616 2296 quod
1647 2231 1847 2279 tamen
1875 2237 2005 2277 raro
2034 2218 2251 2286 euenit,

269 2326 332 2374 ut
363 2316 440 2374 ad
473 2314 626 2391 regis
665 2315 1007 2374 conuiuium
1048 2328 1372 2387 uocaretur,
1412 2315 1667 2374 intrabat
1706 2333 1841 2372 cum
1878 2332 2001 2372 uno
2038 2312 2251 2372 clerico

270 2424 371 2472 aut
396 2412 636 2471 duobus
678 2421 754 2483 et,
801 2411 904 2470 ubi
938 2413 1243 2487 paululum
1280 2412 1661 2483 reficiebatur,
1703 2409 2054 2470 adcelerauit
2089 2409 2252 2469 ocius

269 2509 344 2567 ad
390 2509 715 2583 legendum
762 2525 899 2566 cum
955 2508 1076 2567 suis
1123 2508 1272 2585 siue⁸
1301 2508 1379 2566 ad
1427 2508 1715 2567 orandum
1770 2506 1981 2582 egredi.
2088 2505 2253 2566 cuius

270 2603 552 2679 exemplis
607 2602 905 2661 informati
961 2614 1229 2679 tempore
1281 2602 1385 2662 illo
1438 2602 1694 2679 religiosi
1749 2603 1966 2678 quique
2020 2600 2128 2660 uiri
2184 2622 2254 2661 ac

181 2716 243 2774 ²5
269 2698 523 2757 feminae
550 2697 1047 2757 consuetudinem
1084 2698 1349 2757 fecerunt
1381 2717 1489 2773 per
1521 2708 1713 2757 totum
1742 2716 1979 2766 annum,
2011 2708 2255 2772 excepta

268 2794 613 2855 remissione
661 2793 1186 2870 quinquagesimae
1239 2794 1551 2869 paschalis,
1607 2792 1718 2851 iiiia
1773 2802 1832 2851 et
1878 2791 1967 2849 uia
2022 2792 2253 2851 sabbati

267 2890 553 2950 ieiunium
607 2890 686 2948 ad
734 2908 960 2947 nonam
1011 2908 1201 2964 usque
1254 2890 1463 2948 horam
1516 2890 1824 2965 protelare.
1926 2905 2253 2961 numquam

268 2985 550 3046 diuitibus
595 2985 837 3044 honoris
881 2984 1006 3043 siue
1050 2984 1276 3044 timoris
1322 2984 1508 3061 gratia
1554 2985 1603 3043 si
1658 3003 1775 3059 qua
1829 2983 2254 3059 delinquissent

266 3080 565 3152 reticebat,
625 3082 732 3139 sed
780 3098 988 3155 aspera
1027 3079 1161 3139 illos
1215 3079 1556 3139 inuectione
1604 3078 1946 3153 corrigebat.
2029 3080 2252 3136 nullam

173 3194 244 3248 30
268 3178 612 3252 potentibus
666 3176 887 3235 saeculi
936 3175 1266 3252 pecuniam,
1313 3187 1557 3253 excepta
1603 3178 1794 3235 solum
1835 3193 1972 3234 esca
2012 3172 2063 3233 si
2104 3194 2252 3251 quos

266 3274 526 3351 hospitio
567 3273 940 3349 suscepisset,
987 3292 1268 3349 umquam
1312 3274 1451 3336 dare
1500 3275 1744 3344 solebat,
1788 3272 1896 3331 sed
1944 3290 2016 3329 ea
2054 3272 2251 3345 potius

265 3388 420 3445 quae
476 3366 591 3428 sibi
643 3387 680 3427 a
734 3367 1015 3428 diuitibus
1082 3370 1329 3428 donaria
1393 3367 1777 3445 pecuniarum
1845 3363 2252 3440 largiebantur,

265 3467 365 3525 uel
420 3464 486 3523 in
541 3482 682 3524 usus
750 3482 1079 3540 pauperum
1146 3475 1213 3528 ut
1267 3463 1522 3525 diximus
1579 3463 1969 3539 dispergebat,
2022 3461 2119 3520 uel
2174 3461 2252 3519 ad
