2567 3750
265 226 338 311 3².
619 286 626 293 ,
690 236 924 287 KJNGS
960 234 1334 285 SJGBERCT
1367 233 1531 283 Am>
1572 233 1808 285 ΑΝΝΑ,
2114 212 2240 295 [111

262 366 342 427 ad
388 365 654 427 ultimum
703 364 916 425 relictis
959 365 1122 442 regni
1163 363 1416 441 negotiis
1460 377 1520 425 et
1559 374 1813 441 cognato
1850 382 1960 423 suo
1997 362 2246 439 Ecgrice

263 460 708 533 commendatis,
752 461 854 537 qui
894 473 954 520 et
994 472 1167 520 antea
1207 472 1434 536 partem
1478 459 1740 521 eiusdem
1781 461 1944 537 regni
1984 461 2247 531 tenebat,

264 555 504 617 intraret
530 556 947 617 monasterium
970 557 1129 632 quod
1158 556 1270 616 sibi
1297 557 1514 617 fecerat
1540 567 1718 632 atque
1736 566 1983 632 accepta
2006 566 2249 614 tonsura

263 671 372 728 pro
399 663 642 713 aeterno
667 652 853 729 magis
884 671 1065 728 regno
1098 652 1346 713 militare
1372 664 1614 714 curaret.
1699 653 1861 729 quod
1889 653 2031 712 dum
2057 652 2249 711 multo

265 759 530 825 tempore
556 748 787 820 faceret,
827 747 1072 825 contigit
1103 759 1343 824 gentem
1371 748 1728 810 Merciorum
1756 750 1911 808 duce
1935 766 2072 824 rege
2100 749 2250 807 Pen-
2313 763 2349 822 5

265 845 346 903 da
390 844 674 903 aduersus
718 843 1046 905 Orientales
1093 847 1320 921 Anglos
1374 845 1436 905 in
1481 845 1701 905 bellum
1748 845 2068 921 procedere
2123 842 2246 918 qui,

266 942 409 1000 dum
437 960 500 1000 se
531 939 828 1001 inferiores
861 940 923 999 in
954 942 1114 1001 bello
1146 940 1416 1001 hostibus
1444 939 1867 1017 conspicerent,
1896 948 2249 1023 rogauerunt

266 1038 629 1114 Sigberctum
657 1039 733 1097 ad
761 1038 1225 1097 confirmandum
1257 1036 1504 1096 militem
1536 1055 1738 1096 secum
1771 1035 1972 1099 uenire
1999 1035 2062 1094 in
2087 1053 2251 1110 prae-

266 1138 422 1195 lium.
515 1136 620 1196 illo
663 1138 903 1196 nolente
957 1155 1028 1195 ac
1074 1135 1532 1207 contradicente,
1587 1132 1836 1196 inuitum
1889 1132 2248 1193 monasterio

268 1242 535 1290 eruentes
561 1231 853 1291 duxerunt
880 1229 942 1289 in
969 1241 1286 1304 certamen,
1310 1241 1607 1308 sperantes
1627 1229 1821 1290 minus
1847 1227 2075 1289 animos
2101 1227 2250 1287 mili·
2279 1244 2360 1283 10

249 1331 394 1381 'tum
423 1322 727 1398 trepidare,
759 1323 952 1382 minus
978 1334 1285 1400 praesente
1323 1325 1476 1383 duce
1508 1324 1810 1399 quondam
1847 1320 2249 1382 strenuissimo

268 1429 326 1481 et
355 1418 569 1478 eximio
596 1438 770 1494 posse
795 1420 994 1496 fugam
1021 1419 1305 1479 meditari.
1387 1420 1495 1479 sed
1531 1419 1657 1495 ipse
1691 1417 2068 1496 professionis
2105 1422 2250 1477 suae

266 1532 389 1572 non
433 1511 739 1585 inmemor,
776 1514 919 1573 dum
955 1513 1182 1590 optimo
1221 1524 1376 1574 esset
1412 1515 1660 1575 uallatus
1697 1513 1973 1586 exercitu,
2010 1511 2250 1571 nonnisi

267 1608 491 1685 uirgam
524 1619 755 1669 tantum
791 1608 1005 1668 habere
1041 1608 1103 1667 in
1138 1628 1320 1667 manu
1354 1608 1580 1683 uoluit,
1621 1607 1967 1682 occisusque
2003 1615 2092 1665 est
2126 1623 2252 1663 una

269 1723 405 1763 cum
447 1723 584 1779 rege
621 1703 882 1780 Ecgrice,
928 1714 986 1764 et
1028 1716 1275 1764 cunctus
1322 1723 1523 1765 eorum
1566 1703 1967 1764 insistentibus
1999 1700 2251 1779 paganis
2284 1724 2312 1762 1
2326 1722 2363 1781 5

268 1816 475 1856 caesus
502 1797 626 1856 siue
655 1797 946 1873 dispersus
975 1798 1276 1859 exercitus.

388 1894 701 1954 Successor
736 1905 933 1953 autem
965 1893 1128 1969 regni
1163 1913 1367 1956 eorum
1398 1895 1585 1955 factus
1621 1905 1710 1955 est
1736 1896 1915 1954 Anna
1948 1892 2098 1951 filius
2132 1892 2255 1951 Eni

269 1990 346 2048 de
381 1988 542 2064 regio
575 2008 791 2065 genere
828 1990 917 2049 uir
943 1990 1198 2066 optimus
1235 2000 1414 2065 atque
1451 1990 1707 2066 optimae
1743 1989 1974 2066 genitor
2008 1988 2250 2062 soboliS,

270 2085 346 2143 de
374 2082 588 2159 quibus
615 2083 677 2142 in
706 2084 1083 2160 sequentibus
1111 2104 1219 2145 suo
1248 2096 1515 2161 tempore
1550 2083 1867 2158 dicendum
1895 2093 1984 2142 est
2000 2104 2018 2157 3
2059 2081 2159 2158 qui
2191 2095 2257 2148 et

270 2179 395 2254 ipse
437 2189 646 2254 postea
691 2181 768 2238 ab
811 2179 1021 2238 eodem
1060 2199 1294 2255 pagano
1339 2179 1698 2240 Merciorum
1739 2179 1911 2253 duce,
1953 2197 1991 2237 a
2029 2197 2153 2254 quo
2191 2191 2256 2240 et
2288 2200 2380 2238 20

270 2276 685 2349 praedecessor
711 2274 851 2348 eiuS,
879 2275 1106 2336 occisus
1133 2287 1236 2335 est.

1187 2651 1341 2707 XIX

276 2806 647 2929 VERVM
677 2809 818 2867 dum
846 2810 1041 2869 adhuc
1067 2810 1330 2887 Sigberct
1357 2812 1518 2889 regni
1546 2810 1755 2872 infulas
1782 2822 2023 2886 teneret,
2053 2832 2260 2890 super-

440 2903 603 2962 uenit
630 2905 705 2962 de
736 2904 1025 2964 Hibernia
1050 2906 1141 2965 uir
1166 2919 1404 2967 sanctus
1431 2908 1669 2969 nomine
1698 2909 1946 2969 Furseus
1973 2910 2158 2969 uerbo
2188 2924 2260 2972 et

275 2996 499 3056 actibus
527 2999 714 3057 clarus
741 3000 846 3059 sed
875 3011 933 3060 et
960 3001 1203 3079 egregiis
1229 3003 1472 3079 insignis
1498 3003 1825 3077 uirtutibuS,
1861 3005 2102 3080 cupiens
2136 3023 2260 3080 pro
2293 3027 2332 3064 2
2345 3027 2392 3086 5

277 3092 518 3152 domino
572 3093 927 3171 ubicumque
981 3096 1093 3157 sibi
1140 3110 1498 3176 oportunum
1550 3099 1835 3161 inueniret
1881 3101 2261 3178 peregrinam

277 3190 488 3247 ducere
542 3189 739 3248 uitam.
822 3191 924 3268 qui
967 3213 1103 3253 cum
1150 3196 1227 3254 ad
1281 3194 1647 3271 prouinciam
1692 3196 2075 3259 Orientalium
2118 3216 2262 3273 per-

278 3280 530 3343 uenisset
557 3285 900 3360 Anglorum,
937 3298 1240 3364 susceptus
1274 3299 1363 3349 est
1394 3290 1713 3351 honorifice
1740 3311 1777 3350 a
1800 3309 1937 3367 rege
1961 3291 2258 3371 praefate,

447 3433 470 3467 ⁸
504 3436 714 3484 intrauit
744 3452 833 3487 ms.
1093 3435 1136 3471 ²⁸
1164 3438 1322 3504 opimo
1353 3457 1443 3494 ms.
1704 3441 1748 3476 ²⁸
1778 3446 1956 3510 infhlas
1984 3460 2075 3498 ms,
