2567 3750
254 81 528 164 (18)=16]
590 69 851 154 ABBAJ'*
871 106 1092 169 JOHN
1124 107 1278 156 WAS
1303 109 1414 157 AT
1443 106 1618 165 THIS
1641 102 1903 155 SYNOD.
1987 136 1993 144 -
2100 104 2207 164 125

1108 338 1378 422 [xvm]

265 483 784 607 INTERERAT
833 483 971 543 huic
1025 486 1252 561 synodo
1317 484 1646 561 pariterque
1698 468 2018 543 catholicae
2078 481 2213 542 fidei

238 618 243 623 κ
367 577 602 637 decreta
635 578 900 637 firmabat
933 578 1023 637 uir
1068 578 1417 639 uenerabilis
1460 578 1754 638 Iohannes
1796 576 2218 637 archicantator

254 673 530 733 ecclesiae
576 673 761 733 sancti
813 672 1063 751 apostoli
1117 675 1272 734 Petri
1330 684 1388 734 et
1440 675 1621 734 abbas
1674 671 2007 732 monasterii
2060 670 2216 732 beati

194 787 222 844 5
257 770 509 845 Martini,
550 772 649 848 qui
696 791 884 848 nuper
921 784 1162 833 uenerat
1198 781 1253 832 'a
1296 775 1493 833 Roma
1528 789 1634 847 per
1675 770 1993 831 iussionem
2028 786 2217 846 papae

255 867 576 943 Agathonis
623 869 773 928 duce
814 868 1278 949 reuerentissimo
1314 870 1530 928 abbate
1574 866 1831 941 Biscopo
1867 863 2218 941 cognomine

258 961 591 1036 Benedict0,
621 963 786 1025 cuius
811 983 984 1040 supra
1008 963 1397 1023 meminimus,
1482 981 1617 1021 cum
1655 961 1813 1020 enim
1848 959 2007 1020 idem
2036 962 2220 1019 Bene-

256 1058 445 1120 dictus
499 1060 911 1120 construxisset
963 1058 1380 1120 monasterium
1447 1056 1782 1117 Brittaniae'
1818 1055 1880 1114 in
1933 1057 2218 1115 honorem

250 1142 572 1213 'beatissimi
598 1155 996 1230 apostolorum
1022 1153 1300 1231 principis
1326 1153 1489 1212 iuxta
1510 1151 1725 1211 ostium
1755 1149 2012 1209 fluminis
2034 1149 2217 1220 Viuri‚

160 1265 230 1301 10
258 1248 416 1307 uenit
458 1250 714 1308 Romam
757 1268 893 1307 cum
946 1259 1324 1325 cooperatore
1370 1267 1443 1319 ac
1494 1247 1657 1306 socio
1711 1245 1974 1304 eiusdem
2026 1243 2222 1321 operis

256 1343 551 1403 Ceolfrido
592 1345 692 1420 qui
734 1355 869 1421 post
920 1344 1111 1426 ipsum
1165 1344 1426 1404 eiusdem
1467 1340 1803 1404 monasterii
1856 1343 2038 1403 abbas
2091 1341 2218 1413 fuit,

256 1443 416 1518 quod
456 1451 517 1501 et
557 1453 694 1501 ante
739 1441 971 1519 saepius
1011 1443 1199 1501 facere
1239 1450 1639 1512 consueuerat,
1681 1450 1860 1516 atque
1902 1438 2222 1500 honorifice

254 1554 290 1592 a
316 1536 523 1595 beatae
550 1535 865 1596 memoriae
890 1555 1046 1613 papa
1081 1536 1394 1612 Agathone
1431 1545 1735 1611 susceptus
1769 1544 1896 1596 est:
1937 1526 2223 1612 petiitque

256 1643 314 1690 et
340 1632 568 1708 accepit
593 1633 670 1691 ab
697 1651 789 1705 eo,
818 1631 876 1690 in
905 1631 1335 1692 munimentum
1366 1630 1646 1691 libertatis
1687 1628 2023 1689 monasterii
2058 1631 2225 1706 quod

157 1744 222 1801 15
256 1727 484 1797 fecerat,
516 1726 824 1802 epistulam
861 1725 1147 1803 priuilegii
1184 1746 1257 1786 ex
1293 1725 1638 1800 auctoritate
1676 1724 2003 1801 apostolica
2039 1725 2224 1784 firma-

257 1830 412 1893 tam3
467 1819 627 1879 iuxta
672 1822 835 1897 quod
878 1821 1214 1899 Ecgsridum
1256 1841 1454 1899 regem
1495 1819 1751 1881 uoluisse
1804 1839 1875 1880 ac
1927 1819 2224 1880 licentiam

257 1915 488 1975 dedisse
540 1926 802 1990 nouerat,
856 1936 978 1993 quo
1032 1919 1396 1982 concedente
1450 1928 1509 1978 et
1560 1916 1995 1995 possessionem
2037 1925 2224 1975 terrae

255 2011 532 2089 Iargiente
558 2011 753 2089 ipsum
781 2015 1195 2074 monasterium
1221 2017 1453 2075 fecerat.

375 2110 624 2185 Accepit
691 2120 751 2170 et
802 2113 1126 2187 praefatum
1180 2112 1511 2170 Iohannem
1557 2112 1838 2171 abbatem
1884 2106 2221 2169 Brittaniam

154 2230 230 2266 20
255 2205 715 2279 perducendum,
744 2216 1031 2281 quatenus
1074 2206 1137 2264 in
1163 2206 1518 2267 monasterio
1558 2225 1666 2266 suo
1703 2223 1935 2263 cursum
1976 2204 2226 2265 canendi

256 2318 533 2373 annuum,
578 2299 728 2359 sicut
770 2301 847 2359 ad
888 2311 1152 2360 sanctum
1194 2304 1434 2361 Petrum
1475 2303 1706 2361 Romae
1746 2299 2039 2375 agebatur,
2090 2299 2227 2358 edo-

258 2405 450 2454 ceret:
493 2394 725 2471 egitque
753 2396 909 2454 abba
937 2395 1235 2454 Iohannes
1262 2407 1328 2453 ut
1353 2394 1670 2454 iussionem
1708 2404 2013 2469 acceperat
2039 2393 2228 2469 ponti-

257 2488 396 2561 ficiS,
428 2500 487 2549 et
514 2489 782 2549 ordinem
810 2489 1087 2551 uidelicet
1122 2489 1418 2566 ritumque
1445 2489 1696 2550 canendi
1733 2508 1804 2548 ac
1829 2487 2062 2565 legendi
2089 2488 2228 2547 uiua

256 2604 407 2644 uoce
451 2585 694 2661 praefati
744 2585 1079 2645 monasterii
1133 2596 1402 2644 cantores
1456 2586 1781 2657 edocendO,
1838 2596 1898 2644 et
1941 2584 2024 2642 'ea
2076 2603 2226 2659 quae

152 2702 222 2758 25
257 2679 434 2738 totius
473 2678 613 2739 anni
646 2679 892 2738 circulus
919 2679 981 2738 in
1014 2679 1407 2740 celebratione
1444 2679 1670 2739 dierum
1710 2681 1991 2740 festorum
2027 2697 2229 2755 posce-

258 2777 357 2834 bat
411 2774 587 2834 etiam
637 2773 845 2835 litteris
896 2775 1272 2835 mandando:
1341 2794 1494 2851 quae
1548 2775 1833 2833 hactenus
1885 2772 1948 2832 in
2015 2772 2226 2833 eodem

256 2871 610 2917 mnnnctnrin
664 2881 885 2917 nonanta
944 2882 1003 2917 nt
1057 2891 1085 2917 a
1145 2871 1343 2917 multia
1396 2870 1511 2917 inm
1570 2881 1707 2918 eunt·
1773 2869 2227 2917 circumfluas-me
