2567 3750
416 17 514 101 13]
699 18 1167 87 MONASTERY
1194 36 1292 86 OF
1313 36 1678 88 SELAESEU
1698 38 2075 90 FOUNDED.
2191 46 2200 55 ²
2267 16 2329 81 i1
2342 38 2373 96 7

407 164 486 224 ad
538 163 817 241 anguillas
882 174 1114 224 tantum
1165 163 1370 222 inerat.
1450 163 1709 223 collectis
1762 166 1901 241 ergo
1965 165 2376 242 undecumque

406 259 624 319 retibus
667 259 1098 335 anguillaribus,
1147 257 1420 318 homines
1464 258 1737 318 antistitis
1783 260 2066 320 miserunt
2097 261 2159 319 in
2197 279 2373 334 mare,

405 366 466 415 et
493 354 693 414 diuina
719 373 782 412 se
809 355 1047 413 iuuante
1073 353 1256 429 gratia
1281 373 1424 412 mox
1451 372 1661 429 cepere
1688 354 1878 430 pisces
1907 354 2121 415 diuersi
2147 354 2376 432 generis

407 468 525 509 cce.
573 449 786 525 quibus
826 448 1101 508 trifariam
1149 447 1351 509 diuisis
1392 459 1630 508 centum
1671 450 2022 526 pauperibus
2068 451 2374 523 dederunt,

339 559 374 618 5
406 557 644 605 centum
669 545 760 604 his
795 565 832 603 a
863 544 1074 620 quibus
1109 543 1254 603 retia
1284 554 1648 621 acceperant,
1684 556 1924 605 centum
1963 545 2024 604 in
2060 565 2195 605 suos
2236 557 2375 606 u'sus

404 641 715 700 habebant.
801 659 921 716 quo
960 639 1249 699 beneficio
1283 641 1532 698 multum
1577 639 1817 701 antistes
1865 660 1968 700 cor
2011 641 2276 702 omnium
2313 642 2373 700 in
2461 638 2464 647 ”

404 756 575 796 suum
602 737 888 797 conuertit
913 755 1172 796 amorem
1201 747 1261 795 et
1285 735 1562 796 libentius
1589 756 1662 796 eo
1701 737 2074 813 praedicante
2102 737 2374 797 caelestia

404 851 633 908 sperare
675 842 1011 907 coeperunt,
1052 830 1218 891 cuius
1257 831 1582 892 ministerio
1636 832 1983 908 temporalia
2021 834 2182 892 bona
2220 852 2372 892 sum-

404 939 617 990 serunt.

304 1035 379 1074 10
524 1023 660 1096 Quo
713 1032 977 1101 tempore
1029 1043 1130 1084 rex
1180 1023 1530 1085 Aedilualch
1597 1023 1840 1086 donauit
1904 1025 2371 1089 reuerentissimo

390 1118 644 1199 ,antistiti
668 1119 917 1181 Vilfrido
955 1132 1162 1180 terram
1199 1123 1336 1180 lxxx
1370 1121 1452 1180 uii
1489 1121 1850 1196 familiarum,
1887 1121 1989 1181 ubi
2025 1143 2163 1183 suos
2188 1125 2369 1183 homi-

401 1233 507 1274 nes
534 1213 634 1295 qui
661 1217 858 1275 exules
877 1217 1236 1292 uagabantur
1261 1215 1517 1292 recipere
1545 1226 1760 1293 posset,
1783 1218 2075 1276 uocabulo
2098 1219 2365 1291 Selaeseu,

403 1313 562 1387 quod
609 1311 821 1371 dicitur
862 1312 1072 1371 Latine
1116 1311 1307 1371 insula
1353 1313 1521 1371 uituli
1562 1310 1785 1371 marini.
1870 1323 1960 1371 est
2003 1312 2158 1372 enim
2202 1315 2367 1373 locus

400 1406 498 1467 ille
536 1407 798 1483 undique
837 1405 981 1465 mari
1027 1406 1417 1466 circumdatus
1457 1417 1684 1483 praeter
1720 1408 1798 1466 ab
1841 1407 2166 1482 occidente,
2208 1411 2367 1469 unde

304 1508 371 1565 15
399 1502 576 1562 habet
617 1500 938 1577 ingressum
980 1501 1380 1578 amplitudinis
1428 1502 1592 1577 quasi
1636 1501 1820 1560 iactus
1863 1501 2112 1561 fundae:
2180 1504 2366 1579 qualis

398 1599 562 1658 locus
616 1617 653 1657 a
707 1597 928 1657 Latinis
987 1597 1347 1674 paeninsula,
1404 1616 1441 1656 a
1494 1596 1732 1657 Graecis
1787 1600 1935 1658 solet
1988 1598 2365 1660 cherronesos

396 1690 610 1752 uocari.
692 1694 850 1751 hunc
877 1711 1014 1768 ergo
1046 1694 1242 1751 locum
1276 1711 1413 1750 curn
1449 1691 1773 1767 accepisset
1799 1691 2108 1768 episcopus
2136 1691 2361 1765 Vilfrid,

395 1787 662 1847 fundauit
699 1787 780 1847 ibi
812 1787 1226 1847 monasterium
1262 1805 1333 1845 ac
1369 1786 1615 1863 regulari
1654 1786 1777 1846 uita
1814 1787 2076 1860 instituit,
2115 1788 2363 1849 maxime

397 1904 469 1944 ex
508 1885 600 1944 his
636 1903 784 1960 quos
821 1902 1021 1943 secum
1058 1885 1379 1943 adduxerat
1419 1884 1720 1942 fratribus:
1763 1885 1925 1959 quod
1960 1904 2146 1959 usque
2186 1885 2361 1945 hodie

298 2000 371 2037 20
395 2001 756 2042 successores
797 1983 920 2041 eius
958 1991 1155 2040 tenere
1189 1991 1525 2040 noscuntur.
1610 1999 1750 2038 nam
1789 1980 1915 2055 ipse
1948 1978 2058 2038 illis
2094 1978 2156 2038 in
2194 1982 2361 2057 parti·

393 2079 504 2137 bus
530 2096 718 2136 annos
746 2096 800 2149 u,
830 2077 891 2136 id
920 2087 1008 2135 est
1045 2095 1229 2151 usque
1266 2077 1343 2134 ad
1382 2086 1630 2134 mortem
1661 2074 1916 2150 Ecgfridi
1950 2073 2116 2151 regis,
2155 2076 2360 2136 merito

395 2157 668 2231 omnibus
694 2170 1049 2231 honorabilis
1077 2157 1333 2229 officium
1362 2169 1731 2245 episcopatus
1759 2180 1818 2227 et
1844 2169 2027 2227 uerbo
2055 2173 2360 2230 exercebat

395 2279 454 2328 et
481 2288 673 2345 opere.
757 2279 817 2327 et
845 2268 1123 2345 quoniam
1150 2266 1233 2326 illi
1259 2286 1363 2326 rex
1394 2285 1531 2325 cum
1567 2266 1825 2343 praefata
1850 2263 1966 2324 loci
1991 2265 2359 2340 possessione

395 2383 600 2425 omnes
636 2364 738 2441 qui
773 2363 991 2424 ibidem
1028 2374 1192 2423 erant
1225 2363 1532 2421 facultates
1569 2380 1703 2420 cum
1745 2360 1896 2437 agris
1931 2370 1991 2420 et
2025 2360 2357 2421 hominibus

297 2472 365 2531 25
395 2459 655 2532 donauit,
713 2478 917 2519 omnes
969 2459 1086 2517 fide
1142 2456 1388 2528 Christi,
1424 2456 1720 2517 institutos
1778 2456 1939 2514 unda
1997 2454 2359 2532 baptismatis

394 2555 609 2615 abluit:
650 2554 799 2614 inter
825 2573 974 2629 quos
1007 2573 1206 2613 seruos
1234 2563 1295 2613 et
1321 2553 1558 2612 ancillas
1595 2553 1883 2612 ducentos
1917 2550 2355 2628 quinquaginta,

394 2669 541 2728 quos
581 2669 788 2716 omnes
827 2660 891 2709 ut
929 2649 1283 2725 baptizando
1320 2670 1357 2709 a
1392 2648 1671 2708 seruitute
1710 2647 2056 2707 daemonica
2093 2648 2353 2720 saluauit,

562 2735 687 2758 ῃ·
808 2754 819 2763 ⁴
902 2745 1003 2769 ³--
1018 2746 1166 2775 -a-o-'l
1196 2745 1251 2777 ἲς-
1239 2763 1488 2779 ”mnne-nn
1516 2742 1653 2779 :nnn
1682 2761 1807 2779 ent-n
1813 2742 1890 2779 :¹41
1922 2741 1968 2779 :e
1998 2743 2100 2779 ohe
2105 2742 2199 2779 ΛῙιι
