2567 3750
258 222 335 296 58
400 235 720 286 BJSHOPS.
760 235 1272 287 ·CONVERSJON
1299 235 1395 286 OF
1411 235 1718 285 MJDDLE
1747 235 2055 286 ANGLES.
2083 200 2237 302 [111

257 366 634 443 Gyruiorum:
702 376 762 426 et
808 366 923 426 hoc
974 379 1110 443 post
1164 366 1423 443 quinque
1476 385 1663 428 annos
1718 367 1810 427 sui
1862 368 2233 446 episcopatus

255 464 333 522 de
374 463 487 522 hac
534 463 658 522 uita
703 465 1001 523 subtracto
1046 462 1427 539 Berctgilsum
1481 463 1831 540 cognomine
1876 465 2232 525 Bonifatium

255 558 332 617 de
376 556 682 635 prouincia
730 558 1177 636 Cantuariorum
1230 560 1368 618 loco
1420 558 1546 619 eius
1600 559 1912 628 substituit.
1998 571 2059 621 et
2103 560 2230 638 ipse

255 672 492 731 quoque
537 653 842 714 Honorius
884 666 1195 730 postquam
1239 664 1427 714 metas
1470 652 1560 721 sui
1606 674 1808 715 cursus
1849 654 2112 731 inpleuit‚
2157 675 2233 715 ex

253 751 366 810 hac
392 753 524 810 luce
551 750 820 828 migrauit
856 770 1013 810 anno
1050 752 1128 811 ab
1164 750 1563 811 incarnatione
1591 750 1816 811 domini
1849 751 2008 811 dcliii
2043 750 2231 827 pridie

252 847 634 908 kalendarum
674 843 1037 920 octobrium,
1077 858 1137 907 et
1173 857 1441 907 cessante
1484 846 1826 924 episcopatu
1867 867 1972 924 per
2010 867 2230 907 annum

252 953 313 1003 et
360 962 464 1003 sex
505 961 740 1003 menses
783 945 999 1003 electus
1037 955 1126 1003 est
1167 943 1641 1021 archiepiscopus
1685 945 1999 1004 cathedrae
2043 948 2233 1005 Doru-

253 1040 554 1101 uernensis
604 1052 800 1101 sextus
847 1042 1176 1101 Deusdedit
1231 1042 1307 1100 de
1359 1051 1536 1117 gente
1580 1039 2050 1101 occidentalium
2095 1044 2233 1102 Sax-

253 1156 432 1209 onum
460 1158 476 1198 ε
547 1155 724 1213 quem
765 1138 1135 1198 ordinaturus
1176 1136 1340 1197 uenit
1380 1135 1519 1196 illuc
1560 1137 1821 1196 Ithamar
1859 1138 2101 1198 antistes
2142 1157 2233 1198 ec·

253 1231 466 1292 clesiae
512 1234 836 1292 HrofensiS.
922 1233 1224 1293 ordinatus
1272 1226 1362 1293 est
1414 1243 1613 1292 autem
1657 1232 1755 1292 die
1800 1231 1983 1293 uiirno
2035 1234 2233 1293 kalen-

252 1329 458 1387 darum
500 1329 788 1404 Aprilium
829 1340 890 1389 et
930 1328 1078 1390 rexit
1122 1328 1430 1389 ecclesiam
1473 1348 1662 1388 annos
1706 1328 1830 1387 uiiii
1871 1348 2105 1389 menses
2148 1329 2232 1389 iiii

251 1437 312 1485 et
339 1427 490 1486 duos
527 1425 690 1500 dies3
731 1436 791 1486 et
825 1426 950 1502 ipse
990 1427 1269 1486 defuncto
1315 1427 1574 1485 Ithamar
1610 1425 1972 1485 consecravit
2011 1443 2119 1501 pro
2156 1445 2231 1486 eo

253 1521 615 1581 Damianum
663 1521 763 1597 qui
807 1521 880 1581 de
924 1541 1137 1598 genere
1189 1521 1550 1581 Australium
1606 1523 1904 1581 Saxonum
1954 1532 2074 1581 erat
2122 1522 2231 1582 ori·

249 1619 461 1679 undu&

1152 1972 1306 2032 XXI

263 2151 480 2277 HIS
517 2150 878 2227 temporibus
919 2148 1307 2226 Middilangli‚
1348 2149 1410 2209 id
1449 2162 1536 2210 est
1577 2149 1991 2210 Mediterranei
2033 2150 2226 2227 Angli,

450 2248 559 2306 sub
598 2245 860 2322 principe
899 2245 1098 2303 Peada
1134 2244 1255 2304 filio
1285 2246 1532 2306 Pendan
1567 2246 1717 2322 regis
1754 2247 1933 2304 fidem
1961 2256 2020 2304 et
2048 2265 2232 2304 sacra·

176 2400 182 2404 .
250 2353 451 2402 menta
478 2341 736 2403 ueritatis
763 2352 1163 2419 perceperunt.
1243 2342 1345 2417 qui
1373 2362 1507 2401 cum
1537 2354 1689 2403 esset
1715 2342 1942 2402 iuuenis
1972 2343 2230 2420 optimus

249 2457 322 2507 ac
365 2437 515 2514 regis
569 2436 809 2497 nomine
852 2456 923 2496 ac
971 2456 1223 2514 persona
1279 2436 1668 2513 dignissimus,
1718 2440 2007 2514 praelatus
2057 2450 2146 2500 est
2192 2460 2229 2499 a

249 2545 412 2609 patre
448 2554 630 2611 regno
665 2532 855 2610 gentis
891 2534 1043 2593 illius
1079 2533 1359 2609 uenitque
1388 2534 1463 2592 ad
1492 2553 1687 2610 regem
1715 2535 2231 2612 Nordanhymbro-

248 2647 379 2686 rum
409 2629 614 2702 Osuiu,
653 2630 955 2705 postulans
991 2629 1170 2687 filiam
1209 2628 1331 2688 eius
1366 2628 1734 2686 Alchfledam
1768 2628 1878 2687 sibi
1915 2628 2229 2705 coniugem

250 2722 412 2783 dari:
455 2743 650 2800 neque
677 2723 843 2782 aliter
872 2724 1033 2799 quod
1068 2726 1314 2800 petebat
1341 2723 1631 2800 inpetrare
1667 2725 1874 2800 potuit,
1909 2724 2021 2785 nisi
2047 2728 2228 2786 fidem

251 2820 468 2883 Christi
488 2840 559 2879 ac
584 2818 872 2895 baptisma
899 2838 1034 2877 cum
1060 2832 1235 2895 gente
1263 2819 1360 2878 cui
1386 2829 1651 2895 praeerat
1677 2818 1982 2895 acciperet.
2042 2830 2103 2879 at
2131 2819 2228 2881 ille

249 2915 451 2975 audita
483 2913 916 2989 praedicatione
955 2913 1214 2973 ueritatis
1247 2925 1307 2975 et
1341 2913 1728 2992 promissione
1764 2912 1926 2989 regni
1963 2916 2229 2975 caelestis

251 3030 472 3087 speque
524 3008 958 3069 resurrectionis
999 3029 1070 3068 ac
1109 3013 1334 3070 futurae
1374 3008 1818 3083 inmortalitatiS,
1874 3009 2125 3070 libenter
2164 3031 2229 3070 se

251 3106 647 3167 Christianum
690 3105 813 3164 fieri
846 3107 1000 3165 uelle
1036 3108 1340 3166 confessus
1377 3118 1483 3180 est,
1523 3104 1750 3166 etiamsi
1784 3104 2068 3182 uirginem
2101 3126 2228 3167 non

249 3200 573 3276 acciperet:
614 3220 920 3277 persuasus
957 3202 1210 3261 maxime
1247 3205 1327 3264 ad
1362 3202 1801 3280 percipiendam
1836 3204 2017 3262 fidem
2043 3223 2081 3262 a
2107 3205 2228 3265 filio

249 3295 398 3373 regis
428 3294 615 3356 Osuiu
651 3297 890 3356 nomine
922 3297 1244 3370 Alchfrid0‚
1283 3299 1387 3375 qui
1428 3309 1551 3358 erat
1586 3310 1870 3375 cognatus
1907 3309 1968 3358 et
2002 3299 2226 3362 amicus

758 3442 825 3454 ono·

376 3440 421 3474 ²1
452 3442 528 3490 nii
545 3456 654 3491 corr
673 3441 727 3490 in
745 3458 821 3490 zm
841 3457 933 3493 ms.
1103 3442 1148 3475 ¹³
1178 3447 1402 3509 acceperit
1420 3461 1509 3497 ms.
1552 3493 1558 3502 ,
1682 3442 1725 3479 ²⁷
1756 3451 1982 3509 acceperet
1998 3461 2090 3497 ms.

2263 1257 2335 1294 10

2262 1996 2330 2055 Ῐ5

2259 2560 2333 2597 20

2258 3034 2326 3095 ²5
