2567 3750
255 53 278 89 1
291 50 366 107 50
492 44 650 95 ΒΕΑ
663 0 763 92 ΤΒ
809 42 905 91 op
937 40 1338 97 HzomERJ,
1380 38 1574 89 KJNG
1618 38 1714 89 οισ-
1744 38 1972 88 KENJ:
2092 20 2226 103 '[1V

247 178 393 234 dans
433 173 558 251 ipse
599 173 662 232 in
703 171 1040 248 saepedicto
1081 171 1432 229 famulorum
1472 169 1934 245 famularumque
1972 168 2066 228 dei
2103 188 2226 228 rno-

244 269 515 341 nasterio,
573 269 735 344 quod
803 277 1046 326 uocatur
1112 266 1589 336 Streanaesbalch,
1659 265 1855 324 locum
1909 265 2227 324 mansionis

248 367 421 444 elegit
439 388 456 439 3
496 365 694 441 ibique
729 383 862 423 cum
894 362 1098 438 paucis
1134 379 1373 421 suorum
1400 364 1461 420 in
1490 362 1835 420 monachica
1868 361 2229 422 districtione

246 463 428 523 uitam
472 482 593 521 non
638 459 749 520 sibi
793 459 1168 518 solummodo
1213 459 1320 519 sed
1365 469 1423 518 et
1466 458 1664 517 multis
1717 458 1921 517 utilem
1976 460 2230 535 plurimo

246 578 533 619 annorum
576 569 839 632 tempore
885 554 1065 614 duxit.
1148 554 1251 614 ubi
1297 554 1473 614 etiam
1510 556 1836 628 defunctUS,
1876 556 1935 614 in
1981 557 2226 616 ecclesia
2291 573 2323 632 5

173 729 178 734 ν
246 653 405 713 beati
435 653 588 712 Petri
616 650 866 728 apostoli
900 651 1061 710 iuxta
1091 653 1379 711 honorem
1407 660 1465 710 et
1492 650 1617 709 uita
1643 661 1702 709 et
1727 651 1911 727 gradu
1940 650 2063 710 eius
2092 671 2227 710 con-

247 749 490 825 dignum
523 736 797 806 conditus
825 756 929 805 est.
1012 757 1276 822 praeerat
1313 745 1552 821 quidem
1589 756 1732 803 tunc
1768 744 1960 804 eidem
1997 764 2224 805 monas·

247 843 392 904 terio
420 843 574 919 regia
601 842 766 919 uirgo
792 843 1064 902 Aelbfled
1099 862 1218 902 una
1252 863 1389 902 cum
1426 853 1611 903 matre
1651 843 1950 916 Eanflede,
1981 862 2223 919 quarum

248 961 420 1018 supra
461 941 705 1001 fecimus
751 939 1130 1000 mentionem.
1216 941 1323 999 sed
1366 939 1718 999 adueniente
1763 940 1902 998 illuc
1946 940 2226 1016 episcopo

248 1038 564 1099 maximum
611 1036 851 1114 regendi
898 1036 1178 1095 auxilium
1225 1036 1399 1095 simul
1444 1048 1503 1096 et
1546 1046 1685 1096 suae
1739 1037 1895 1096 uitae
1943 1036 2222 1097 solacium
2254 1053 2327 1090 ¹0

249 1137 465 1195 deuota
509 1136 623 1193 deo
671 1133 898 1193 doctrix
943 1132 1179 1191 inuenit.
1266 1133 1548 1193 successit
1599 1145 1796 1193 autem
1847 1135 2121 1212 Ecgfrido
2163 1137 2221 1196 in

231 1249 488 1306 regnum
527 1230 757 1289 Aldfrid
793 1229 882 1288 uir
917 1229 977 1287 in
1015 1228 1312 1304 scripturis
1350 1228 1737 1301 doctissimuS,
1768 1229 1868 1305 qui
1904 1231 2075 1289 frater
2100 1231 2225 1290 eius

249 1337 309 1385 et
355 1327 506 1386 filius
554 1326 743 1387 Osuiu
780 1325 939 1402 regis
982 1345 1113 1386 esse
1166 1325 1486 1399 dicebatur,
1543 1327 2018 1403 destructumque
2063 1329 2227 1404 regni

249 1432 479 1495 statum,
529 1421 798 1497 quamuis
844 1421 994 1481 intra
1035 1424 1179 1482 fines
1234 1420 1612 1498 angustioreS,
1669 1421 1941 1481 nobiliter
1991 1441 2227 1498 recupe-

244 1517 410 1576 rauit.
2256 1529 2324 1588 15

371 1615 510 1687 Quo
558 1612 833 1673 uidelicet
876 1634 1048 1686 anno,
1089 1609 1191 1691 qui
1237 1624 1328 1674 est
1374 1615 1451 1673 ab
1483 1614 1884 1676 incarnatione
1929 1616 2227 1676 dominica

253 1709 519 1780 dclxxxv,
553 1709 830 1768 Hlotheri
858 1709 1309 1769 Cantuariorum
1345 1729 1462 1781 rex,
1493 1729 1628 1768 cum
1664 1721 1799 1785 post
1839 1711 2226 1786 Ecgberctum

253 1910 357 1973 set,
391 1910 654 1959 mortuus
692 1912 814 1959 erat
850 1899 952 1960 uiii
987 1900 1121 1961 idus
1160 1901 1514 1960 Februarias·
1599 1905 1936 1961 uulneratus
1971 1922 2227 1980 namque

255 2008 341 2056 est
378 1996 439 2055 in
475 2016 672 2072 pugna
709 1998 1062 2056 Australium
1102 2001 1400 2058 Saxonum
1439 2018 1589 2075 quos
1626 2012 1832 2059 contra
1869 2020 2004 2060 eum
2051 2000 2227 2061 Edric
2254 2012 2329 2049 20

252 2088 414 2152 filius'
444 2087 753 2168 Ecgbercti
793 2093 1150 2169 adgregarat,
1193 2104 1253 2152 et
1294 2093 1445 2152 inter
1492 2094 1849 2153 medendum
1890 2095 2228 2167 defunctus;

253 2207 323 2247 ac
366 2199 503 2264 post
547 2208 684 2248 eum
734 2189 894 2248 idem
939 2189 1118 2248 Edric
1162 2207 1321 2247 anno
1368 2206 1491 2247 uno
1534 2207 1606 2246 ac
1653 2187 1898 2247 dimidio
1944 2189 2223 2263 regnauit.

254 2305 373 2361 quo
417 2286 697 2347 defuncto
735 2306 977 2363 regnum
1010 2286 1155 2345 illud
1188 2286 1430 2361 aliquod
1469 2287 1747 2362 temporis
1781 2285 2030 2362 spatium
2065 2306 2229 2363 reges

254 2380 418 2441 dubii
485 2383 580 2441 uel
654 2382 879 2441 externi
941 2381 1452 2458 disperdiderunt3
1521 2383 1713 2441 donec
1776 2382 2066 2458 legitimus
2129 2402 2230 2442 rex

254 2477 514 2550 Victred‚
553 2477 631 2538 id·
658 2488 746 2537 est
790 2477 944 2537 filius
1002 2476 1331 2568 Ecgbercti‚
1375 2480 1736 2535 confortatus
1780 2476 1841 2534 in
1882 2496 2063 2553 regno
2103 2479 2231 2538 reli·
2257 2493 2327 2551 25
2364 2563 2367 2566 Δ

246 2573 429 2649 'gione
458 2573 631 2633 simul
660 2585 718 2634 et
745 2572 1031 2633 industria
1055 2584 1294 2649 gentem
1322 2592 1488 2632 suam
1516 2574 1592 2632 ab
1620 2584 1894 2631 extranea
1926 2572 2229 2635 inuasione

256 2671 537 2731 liberaret.
882 2683 887 2687 ’

1092 2753 1404 2893 [ΧΧἮΙΪ

269 2945 484 3067 IPSO
522 2942 700 3003 etiam
731 2963 890 3003 anno
922 2964 1041 3020 quo
1069 2948 1249 3005 finem
1277 2947 1436 3006 uitae
1463 2946 1693 3023 accepit
1717 2967 1820 3006 rex
1849 2945 2088 3023 Ecgfrid
2117 2947 2232 3024 epi-

405 3055 652 3114 scopum
688 3049 755 3097 ut
802 3039 1054 3098 diximus
1100 3042 1323 3100 fecerat
1366 3041 1621 3101 ordinari
1671 3041 2230 3101 Lindisfarnensium
2257 3060 2333 3114 30

260 3133 543 3192 ecclesiae
569 3133 760 3193 uirum
788 3146 1054 3195 sanctum
1083 3148 1144 3197 et
1170 3139 1569 3197 uenerabilem
1598 3139 2000 3198 Cudberctum
2033 3138 2136 3215 qui
2167 3138 2228 3197 in

578 3243 622 3275 ¹⁸
652 3245 834 3307 aliquot
865 3262 955 3295 ms.
1409 3267 1414 3272 ·
1554 3249 1598 3291 ⁴²9
1629 3252 1797 3300 XXV
1819 3266 1910 3302 ms·
