2567 3750
267 179 376 234 160
523 191 767 240 PALSY
802 190 1057 240 CURED
1098 189 1220 239 AT
1248 187 1716 240 CUDBERCT’S
1761 188 1977 240 TOMB.
2121 172 2239 255 [IV

260 314 529 375 molestia
554 326 741 374 tactus
778 325 881 386 est,
912 313 993 373 ita
1032 326 1098 373 ut
1136 333 1413 374 corruens
1453 313 1514 372 in
1555 324 1766 374 terram
1802 323 1864 372 et
1900 312 2238 389 aliquandiu

259 431 480 488 pronus
547 411 744 471 iacens
809 411 909 470 uix
960 412 1202 471 tandem
1257 421 1591 486 resurgeret.
1677 429 1980 486 resurgens
2041 421 2238 470 autem

261 507 443 566 sensit
509 506 814 565 dimidiam
881 505 1141 583 corporis
1196 504 1286 564 sui
1340 516 1566 582 partem
1609 525 1646 563 a
1693 505 1885 582 capite
1928 524 2115 581 usque
2162 507 2241 565 ad

260 604 443 678 pedes
470 603 748 680 paralysis
784 604 1064 678 languore
1093 604 1448 679 depressam,
1481 613 1540 661 et
1578 603 1838 661 maximo
1876 621 2011 661 cum
2039 603 2240 662 labore

261 701 474 760 baculo
500 699 758 760 innitens
786 700 1029 758 domum
1067 699 1351 775 peruenit.
1436 700 1737 757 crescebat
1779 700 2020 758 morbus
2047 700 2242 774 paula·
2307 711 2337 768 5

261 796 367 854 tim
411 806 471 855 et
516 806 692 876 nocte
736 794 1187 872 superueniente
1226 792 1457 870 grauior
1501 795 1745 853 effectus
1791 804 1896 867 est,
1926 793 2008 853 ita
2042 804 2110 853 ut
2146 794 2243 854 die

260 891 542 951 redeunte
586 890 688 950 uix
739 890 864 966 ipse
917 909 1022 966 per
1076 909 1138 950 se
1182 906 1486 964 exsurgere
1538 898 1642 948 aut
1684 888 1955 949 incedere
2001 890 2238 951 ualeret.

264 1007 384 1063 quo
430 989 671 1047 affectus
725 986 1108 1047 incommodo
1177 984 1451 1061 concepit
1498 984 1814 1045 utillimum
1859 995 2056 1044 mente
2107 1004 2245 1044 con-

263 1082 472 1156 silium,
526 1095 592 1143 ut
646 1085 724 1143 ad
777 1083 1087 1144 ecclesiam
1132 1100 1377 1158 quoquo
1420 1083 1605 1141 modo
1651 1090 1853 1158 posset
1894 1080 2244 1157 perueniens

260 1181 499 1240 intraret
538 1181 615 1239 ad
657 1181 922 1239 tumbam
965 1177 1417 1238 reuerentissimi
1455 1177 1633 1253 patris
1674 1177 2009 1250 Cudbercti‚
2042 1177 2242 1254 ibique
2274 1190 2344 1228 10

260 1275 506 1352 genibus
543 1273 705 1335 flexis
734 1274 980 1351 supplex
1012 1293 1325 1350 supernam
1362 1273 1641 1349 pietatem
1678 1284 1905 1350 rogaret
1942 1284 2006 1333 ut
2043 1274 2140 1333 uel
2167 1275 2243 1332 ab

261 1370 670 1430 huiuscemodi
697 1371 974 1445 languore
1007 1369 1056 1428 si
1093 1371 1209 1429 hoc
1246 1367 1358 1429 sibi
1390 1369 1533 1429 utile
1571 1379 1724 1431 esset
1762 1362 2100 1429 liberaretur
2126 1370 2238 1442 uel,

262 1468 312 1526 si
340 1487 403 1528 se
444 1469 545 1527 tali
585 1466 853 1527 molestia
885 1465 1102 1527 diutius
1150 1465 1417 1542 castigari
1454 1465 1656 1526 diuina
1685 1464 2034 1542 prouidente
2060 1465 2243 1542 gratia

264 1574 575 1641 oporteret,
632 1563 919 1639 patienter
974 1562 1239 1622 dolorem
1281 1582 1354 1620 ac
1406 1562 1641 1638 placida
1683 1573 1881 1623 mente
1936 1562 2244 1623 sustineret

264 1659 526 1719 inlatum.
597 1659 733 1719 fecit
759 1659 932 1741 igitur
952 1669 1017 1718 ut
1044 1657 1245 1717 animo
1263 1658 1649 1734 disposuerat,
1671 1669 1730 1719 et
1756 1658 2059 1720 inbecilles
2085 1671 2243 1719 artus
2275 1676 2340 1739 15

263 1755 477 1814 baculo
519 1763 851 1813 sustentans
896 1751 1133 1813 intrauit
1178 1752 1488 1813 ecclesiam
1535 1774 1606 1813 ac
1648 1765 2022 1830 prosternens
2066 1774 2129 1815 se
2165 1756 2243 1814 ad

267 1868 477 1926 corpus
522 1848 632 1910 uiri
672 1847 786 1922 dei,
815 1847 914 1925 pia
948 1847 1273 1908 intentione
1310 1851 1414 1925 per
1450 1848 1575 1909 eius
1612 1848 1892 1910 auxilium
1936 1849 2244 1910 dominum

266 1945 378 2004 sibi
413 1944 731 2021 propitium
772 1943 896 2004 fieri
931 1940 1311 2020 precabatur:
1352 1953 1528 2019 atque
1566 1942 1717 2002 inter
1747 1962 1949 2019 preces
1982 1946 2145 2004 uelut
2180 1943 2245 2002 in

268 2059 540 2116 soporem
589 2042 811 2100 solutus
860 2038 1052 2111 sentit,
1101 2048 1169 2098 ut
1210 2038 1340 2114 ipse
1374 2049 1582 2114 postea
1620 2040 1828 2098 referre
1860 2049 1983 2100 erat
2021 2038 2241 2110 solitus,

268 2135 435 2210 quasi
478 2154 751 2211 magnam
799 2136 1096 2211 latamque
1144 2153 1387 2195 manum
1441 2145 1621 2211 caput
1665 2134 1775 2194 sibi
1818 2135 1881 2194 in
1926 2146 2092 2211 parte
2128 2155 2246 2212 qua
2274 2157 2348 2195 20

268 2232 508 2290 dolebat
534 2230 807 2307 tetigisse,
838 2232 1168 2306 eodemque
1197 2241 1359 2290 tactu
1376 2240 1572 2289 totam
1601 2231 1762 2290 illam
1789 2251 1939 2307 quae
1967 2234 2244 2307 languore

268 2328 688 2410 pressa-fuerat
731 2325 991 2401 corporis
1028 2325 1118 2384 sui
1162 2336 1391 2400 partem
1433 2326 1713 2400 paulatim
1749 2326 2006 2401 fugiente
2042 2328 2245 2387 dolore

267 2442 340 2481 ac
382 2421 629 2481 sanitate
664 2422 1059 2496 subsequente
1096 2421 1173 2480 ad
1212 2422 1397 2497 pedes
1431 2440 1616 2497 usque
1648 2421 2040 2497 pertransisse.
2126 2441 2245 2498 quo

268 2521 424 2577 sacto
458 2538 598 2578 mox
633 2517 915 2594 euigilans
947 2517 1288 2577 sanissimus
1321 2518 1580 2590 surrexit,
1611 2538 1683 2576 ac
1722 2537 1830 2594 pro
1867 2538 1974 2577 sua
2000 2517 2244 2577 sanitate

270 2613 514 2688 domino
555 2613 766 2690 gratias
821 2613 1019 2673 denuo
1073 2615 1326 2675 referens
1371 2614 1516 2691 quid
1569 2633 1705 2689 erga
1748 2632 1811 2672 se
1852 2624 2051 2673 actum
2094 2626 2247 2674 esset
2276 2633 2344 2691 ²5

269 2708 538 2768 fratribus
590 2709 892 2782 indicauit,
949 2709 1293 2785 cunctisque
1346 2708 1854 2785 congaudentibus
1920 2710 2000 2768 ad
2053 2709 2247 2768 minis-

269 2804 481 2864 terium
524 2806 685 2880 quod
724 2804 1006 2865 sollicitus
1051 2805 1325 2865 exhibere
1360 2807 1602 2879 solebat,
1633 2805 1800 2882 quasi
1843 2806 2073 2883 flagello
2119 2824 2248 2881 pro-

271 2900 460 2962 bante
475 2900 821 2976 castigatior,
850 2899 1035 2959 rediit.

266 2994 270 2998 ’
391 2997 512 3055 Sed
538 3007 596 3058 et
623 2996 986 3070 indumenta,
1006 2996 1220 3072 quibus
1248 2997 1365 3056 deo
1393 2995 1656 3055 dicatum
1683 3014 1896 3071 corpus
1926 2994 2243 3057 Cudbercti

273 3092 369 3149 uel
396 3090 600 3148 uiuum
628 3102 802 3150 antea
828 3093 923 3151 uel
950 3102 1157 3168 postea
1184 3093 1529 3151 defunctum
1554 3091 1888 3164 uestierant,
1917 3091 2096 3151 etiam
2121 3091 2249 3167 ipsa
2274 3113 2351 3166 30

273 3206 311 3245 a
349 3186 532 3262 gratia
570 3188 813 3246 curandi
855 3207 977 3247 non
1025 3200 1326 3263 uacarunt,
1369 3189 1518 3248 sicut
1564 3189 1628 3248 in
1668 3188 1970 3249 uolumine
1999 3188 2153 3249 uitae
2191 3202 2250 3248 et

276 3281 554 3340 uirtutum
582 3282 707 3341 eius
733 3281 981 3358 quisque
1008 3284 1210 3359 legerit
1236 3283 1512 3345 inueniet.

309 3386 354 3422 ¹⁶
384 3389 593 3440 inbeciles
611 3406 701 3442 ms·
836 3390 877 3423 ²¹
910 3400 1031 3444 tacto
1051 3410 1142 3448 ms.
1272 3394 1315 3429 ²⁷
1345 3395 1606 3450 exlcz’bebere
1624 3410 1716 3448 ms.
1845 3392 1887 3427 ²⁷
1902 3391 2100 3458 stagilla
2121 3408 2211 3442 ms-
