2567 3750
279 0 388 39 100
634 0 684 48 Α
728 0 1064 48 MIRACLE
1107 0 1221 47 AT
1249 0 1347 47 IN
1380 0 1889 46 BERECJNGUM
2125 0 2229 59 [lv

269 131 637 206 depopulans
679 134 854 192 etiam
896 143 1122 209 partem
1167 130 1504 191 monasterii
1556 129 1730 189 huius
1772 128 1931 189 illam
1974 148 2092 205 qua
2132 129 2239 189 uiri

269 229 622 287 tenebantur
664 228 969 289 inuasisset
999 240 1057 289 et
1085 229 1298 305 passim
1336 226 1553 287 cotidie
1589 236 1928 302 raperentur
1953 226 2030 285 ad
2059 225 2241 286 domi-

268 342 426 396 num,
477 325 726 384 sollicita
770 337 956 385 mater
1000 323 1484 400 congregationis,
1536 342 1652 398 qua
1694 322 1838 382 hora
1883 322 2060 381 etiam
2109 341 2240 382 earn

269 419 607 478 monasterii
649 430 875 496 partem
919 439 1038 495 qua
1084 419 1424 477 ancillarum
1480 417 1576 477 dei
1629 428 1862 476 caterua
1909 436 1944 475 a
1986 417 2241 476 uirorum

269 521 393 570 erat
428 523 649 572 secreta
683 514 1068 573 contubernio
1108 514 1318 572 eadem
1357 514 1531 589 plaga
1573 523 1851 588 tangeret,
1889 513 2144 572 crebrius
2181 512 2241 571 in
2307 525 2338 584 5

269 618 566 665 conuentu
595 626 856 667 sororum
882 607 1212 684 perquirere
1248 607 1445 683 coepit
1481 626 1601 683 quo
1638 607 1754 667 loci
1791 606 1851 667 in
1889 607 2243 668 monasterio

268 720 514 778 corpora
541 723 648 762 sua
673 706 815 780 poni
843 713 901 763 et
928 704 1289 780 cymiterium
1315 703 1438 763 fieri
1474 705 1709 777 uellent,
1740 723 1873 762 cum
1902 723 2001 762 eas
2030 705 2242 763 eodem

269 816 389 872 quo
423 808 647 858 ceteros
686 798 1029 858 exterminio
1065 797 1276 874 raptari
1305 817 1337 857 e
1365 799 1589 858 mundo
1626 798 2003 874 contingeret.
2088 817 2244 856 cum-

268 913 386 970 que
422 894 566 954 nihil
599 895 740 955 certi
778 896 1057 972 responsi,
1097 894 1328 956 tametsi
1367 896 1597 973 saepius
1634 894 1946 972 inquirenS,
1978 914 2015 953 a
2042 896 2245 955 sorori·

267 993 379 1050 bus
419 990 760 1067 accepisset,
802 992 1029 1069 accepit
1072 991 1199 1068 ipsa
1239 1011 1376 1051 cum
1418 991 1691 1052 omnibus
1727 992 2112 1052 certissimum
2155 1012 2245 1051 su·
2274 1014 2345 1053 10

267 1106 482 1163 pernae
526 1085 873 1162 prouisionis
920 1106 1280 1163 responsum.
1365 1107 1499 1146 cum
1553 1087 1710 1148 enim
1756 1098 1932 1148 nocte
1988 1089 2243 1164 quadarn

269 1184 513 1262 expletis
561 1183 879 1244 matutinae
922 1185 1112 1244 laudis
1166 1182 1507 1260 psalmodiis
1555 1203 1817 1261 egressae
1867 1184 1943 1244 de
1990 1184 2243 1244 oratorio

267 1280 519 1338 famulae
563 1279 778 1340 Christi
821 1279 897 1338 ad
943 1280 1247 1355 sepulchra
1281 1280 1541 1352 fratrum,
1578 1279 1680 1355 qui
1717 1299 1817 1338 eas
1856 1299 1927 1338 ex
1965 1280 2075 1338 hac
2110 1281 2243 1339 luce
2537 1258 2538 1327 i

266 1387 712 1452 praecesserant,
777 1376 975 1437 solitas
1044 1376 1289 1436 domino
1356 1362 1559 1437 laudes
1627 1378 2022 1449 decantarent,
2102 1395 2243 1437 ecce

267 1471 460 1531 subito
513 1473 615 1531 lux
668 1473 881 1533 emissa
933 1472 1171 1532 caelitus
1227 1471 1409 1532 ueluti
1457 1473 1698 1532 linteum
1748 1493 2025 1549 magnum
2078 1472 2242 1533 uenit
2275 1495 2343 1554 15

267 1582 442 1641 super
461 1585 683 1640 omneS,
708 1578 988 1642 tantoque
1017 1586 1116 1626 eas
1145 1577 1380 1642 stupore
1402 1566 1649 1642 perculit
1668 1577 1732 1627 ut
1750 1567 1928 1628 etiam
1948 1567 2243 1627 canticum
2539 1584 2540 1629 ι

266 1659 431 1733 quod
497 1662 788 1721 canebant
853 1662 1224 1720 tremefactae
1291 1660 1750 1721 intermitterent.
1855 1662 1979 1737 ipse
2045 1672 2242 1721 autem

267 1753 546 1827 splendor
572 1754 816 1814 emissae
843 1754 1007 1827 lucis,
1033 1755 1092 1813 in
1120 1754 1285 1813 cuius
1308 1755 1745 1831 comparatione
1774 1757 1862 1815 sol
1889 1755 2242 1815 meridianus

265 1846 451 1908 uideri
478 1858 675 1923 posset
702 1849 997 1923 obscuruS,
1038 1868 1160 1909 non
1196 1850 1383 1909 multo
1419 1860 1554 1926 post
1590 1849 1692 1910 illo
1721 1852 1977 1911 eleuatus
2006 1850 2081 1910 de
2107 1852 2242 1911 loco

266 1940 326 1999 in
371 1941 751 2002 meridianam
793 1943 1130 2003 monasterii
1174 1955 1416 2019 partem,
1465 1946 1581 2005 hoc
1625 1956 1713 2005 est
1756 1945 1833 2005 ad
1875 1944 2238 2005 occidentem
2270 1974 2346 2012 20

265 2036 518 2109 oratorii,
571 2038 826 2110 secessit,
877 2037 1075 2114 ibique
1128 2036 1468 2113 aliquandiu
1520 2049 1840 2098 remoratus
1886 2048 1946 2098 et
1993 2057 2066 2098 ea
2110 2040 2241 2099 loca

265 2132 533 2209 operiens
561 2134 645 2192 sic
671 2132 1008 2193 uidentibus
1045 2131 1272 2192 cunctis
1309 2133 1387 2192 ad
1424 2133 1572 2193 caeli
1609 2153 1673 2193 se
1699 2135 1819 2194 alta
1844 2134 2137 2208 subduxit,
2175 2146 2240 2194 ut

264 2230 408 2288 nulli
448 2240 600 2289 esset
636 2228 898 2301 dubium,
941 2227 1080 2304 quin
1119 2226 1246 2303 ipsa
1285 2229 1400 2301 lux,
1440 2248 1591 2305 quae
1633 2228 1857 2289 animas
1892 2231 2239 2290 famularum

264 2324 480 2383 Christi
503 2335 654 2383 esset
671 2326 917 2384 ductura
936 2325 1032 2384 uel
1049 2335 1391 2400 susceptura
1405 2324 1466 2382 in
1488 2324 1681 2398 caeliS,
1705 2323 1881 2384 etiam
1898 2324 2239 2401 corporibus

264 2438 461 2478 earum
487 2421 686 2479 locum
714 2419 774 2479 in
802 2439 921 2496 quo
947 2419 1278 2496 requietura
1307 2429 1365 2479 et
1391 2419 1550 2479 diem
1584 2420 2018 2481 resurrectionis
2046 2432 2240 2482 essent
2269 2455 2301 2492 2
2311 2452 2345 2510 5

262 2527 653 2593 expectatura,
693 2526 1052 2576 monstraret.
1156 2515 1324 2575 cuius
1366 2515 1560 2575 radius
1602 2514 1750 2575 lucis
1796 2525 1993 2576 tantus
2032 2516 2237 2588 extitit,

264 2620 330 2669 ut
381 2611 623 2686 quidam
676 2611 753 2671 de
799 2610 1065 2671 fratribus
1112 2609 1309 2670 senior
1353 2609 1456 2685 qui
1502 2608 1629 2686 ipsa
1674 2611 1819 2669 hora
1869 2609 1932 2669 in
1985 2611 2238 2671 oratorio

263 2719 464 2763 eorum
503 2724 640 2764 cum
675 2705 791 2765 alio
836 2704 1060 2765 iuniore
1098 2704 1324 2781 positus
1360 2705 1546 2763 fuerat
1577 2705 1808 2764 referret
1845 2722 2035 2778 mane,
2076 2704 2239 2781 quod

262 2796 502 2874 ingressi
533 2819 639 2877 per
672 2801 847 2858 rimas
879 2798 1160 2859 ostiorum
1198 2799 1297 2858 uel
1330 2800 1707 2859 fenestrarum
1744 2798 1891 2858 radii
1931 2799 2077 2859 lucis
2118 2818 2240 2860 om-

261 2912 400 2952 nem
428 2894 619 2953 diurni
646 2893 881 2954 luminis
906 2893 1244 2954 uiderentur
1269 2911 1541 2969 superare
1567 2894 1863 2969 fulgorem.
2266 2930 2349 2985 30

1105 3063 1127 3097 ⁹
1161 3065 1316 3128 sepius
1337 3080 1432 3114 ms.
