2567 3750
317 212 551 296 noma]
940 235 1156 284 HENR
1171 236 1217 284 Y
1237 262 1242 265 -
1265 236 1484 283 WHAR
1497 235 1655 284 TON.
2201 240 2308 296 Ῑ93

318 360 638 419 translated
687 360 787 421 the
829 363 1063 420 Psalms
1116 363 1235 421 and
1282 366 1436 422 New
1496 364 1808 421 Testament
1858 362 1987 421 into
2043 364 2308 438 English,

320 456 440 515 and
495 455 651 519 lived
705 475 742 515 a
796 468 1099 516 comment
1163 476 1243 517 on
1300 459 1469 516 those
1523 458 1714 516 words
1779 460 1849 517 of
1907 458 2010 517 the
2064 459 2308 533 apostle,

317 550 553 625 shining
592 572 660 609 as
703 572 744 610 a
784 554 929 627 liglzt
968 556 1031 610 in
1074 556 1168 611 tlte
1210 555 1409 625 world,
1455 555 1518 611 in
1559 554 1654 610 tlte
1693 554 1865 611 midst
1903 554 1974 627 of
2005 573 2046 611 a
2091 554 2321 612 crooked

319 647 446 704 and
461 656 727 722 perverse
752 650 1088 723 generatim.
1173 650 1250 707 he
1277 668 1395 707 was
1423 667 1503 708 no
1530 649 1755 724 gadder
1781 649 2023 719 abroad,
2054 648 2313 709 credible

261 767 292 826 5
322 741 562 800 authors
615 743 948 818 avouching
995 744 1122 802 that
1176 744 1252 801 he
1307 762 1486 802 never
1532 754 1688 803 went
1742 755 1848 804 out
1905 746 1975 803 of
2020 744 2112 803 his
2162 747 2312 819 cell;

322 839 549 915 though
576 841 723 901 both
760 843 1092 916 Cambridge
1113 841 1235 900 and
1262 843 1446 899 Rome
1476 843 1724 917 pretend
1754 852 1816 902 to
1845 842 1934 903 his
1962 843 2308 905 habitation.

321 943 422 1010 yet
467 934 559 994 his
605 955 781 1012 corps
825 938 971 996 after
1014 936 1104 995 his
1159 937 1563 996 death...took
1611 956 1648 996 a
1690 939 1957 1016 Journey,
2009 958 2078 999 or
2118 941 2315 1002 rather

321 1049 472 1092 were
499 1034 779 1093 removed
805 1043 869 1093 to
896 1034 1177 1092 Durham
1207 1034 1328 1093 and
1357 1034 1520 1093 there
1549 1034 1883 1095 enshrined.

1260 1263 1381 1320 XX

227 1411 298 1450 10
336 1387 749 1511 ISTORVM
801 1385 1108 1468 [Gregorii,
1155 1388 1386 1462 Isidori,
1433 1388 1683 1449 Maximi
1723 1387 1842 1471 cet]
1893 1391 2316 1452 commentaria

482 1486 678 1561 plures
717 1485 928 1549 eruditi
968 1485 1078 1545 uiri
1115 1485 1348 1562 saepius
1386 1486 1715 1557 ediderunt,
1747 1496 1806 1546 et
1834 1488 1990 1549 orbis
2028 1487 2314 1548 litteratus

323 1580 485 1642 edita
531 1582 958 1658 comprobauit.
1046 1581 1255 1657 quidni
1298 1581 1471 1658 igitur
1516 1582 1760 1658 parilem
1806 1585 2070 1644 fauorem
2116 1587 2327 1661 Bedae·

323 1676 570 1736 nostrati
625 1696 854 1753 sperare
909 1677 1130 1738 liceat?
1231 1689 1388 1738 certe
1442 1678 1581 1736 huic
1634 1698 1828 1755 neque
1883 1679 2154 1740 doctrina
2205 1699 2314 1756 pro

325 1772 542 1833 saeculi
584 1772 675 1832 sui
714 1783 891 1849 captu
930 1793 1041 1834 nec
1069 1772 1284 1834 eximia
1311 1773 1614 1834 doctrinae
1643 1776 1800 1833 fama
1826 1775 2028 1837 defuit.
2113 1775 2316 1838 uiuen-

230 1887 294 1945 15
324 1881 444 1930 tem
486 1870 734 1931 ecclesia
777 1872 1052 1930 Romana
1093 1870 1272 1932 etiam
1315 1892 1348 1932 e
1391 1870 1717 1948 longinquo
1760 1885 2041 1933 uenerata
2082 1884 2212 1949 est3
2255 1886 2316 1935 et

325 1967 589 2027 defuncti
642 1967 986 2028 memoriam
1055 1968 1363 2045 sequentia
1431 1970 1667 2027 saecula
1729 1969 1974 2046 egregiis
2041 1970 2314 2031 laudibus

326 2063 629 2139 hucusque
658 2074 795 2122 sunt
832 2075 1183 2142 prosecutag.
1223 2082 1520 2139 operaque
1562 2063 1717 2122 illius
1759 2065 2092 2142 theologica
2131 2067 2317 2126 homi-

326 2178 430 2220 nes
484 2160 667 2220 exteri
719 2160 981 2236 pluribus
1035 2159 1209 2220 tomis
1278 2179 1554 2237 expressa
1621 2163 1803 2222 semel
1864 2173 2042 2239 atque
2103 2163 2313 2224 iterum

325 2256 690 2331 euulgarunt.

227 2374 302 2411 2o
447 2352 623 2412 Certe
664 2351 839 2412 nobis
876 2350 1084 2429 Anglis
1130 2351 1322 2411 fraudi
1367 2371 1491 2411 non
1537 2352 1648 2413 erit
1691 2352 1907 2430 scripta
1949 2355 2316 2416 conterranei

325 2448 509 2509 nostri
555 2448 915 2510 celeberrimi
961 2449 1022 2507 in
1065 2450 1258 2508 lucem
1302 2449 1610 2509 emittere:
1673 2450 1817 2526 quin
1864 2449 2061 2526 potius
2102 2453 2315 2527 pudori

323 2546 433 2607 erit
484 2567 558 2609 ea
608 2546 782 2607 tineis
843 2546 1161 2622 blattisque
1230 2546 1575 2622 relinquere,
1635 2565 1788 2621 quae
1856 2545 2038 2606 exteri
2105 2548 2316 2609 sedulo

325 2645 680 2721 conquirunt
723 2654 783 2705 et
828 2664 863 2704 e
910 2643 1168 2704 tenebris
1213 2643 1482 2720 eripiunt.
1569 2655 1763 2720 neque
1804 2644 1964 2705 enim
2007 2645 2083 2704 de
2125 2645 2316 2721 gentis

326 2751 558 2801 nostrae
605 2739 789 2817 gloria
842 2739 1055 2810 minus,
1103 2758 1284 2814 quam
1332 2739 1448 2811 alii,
1502 2758 1702 2797 sumus
1751 2738 2025 2812 solliciti3
2079 2758 2192 2798 nec
2241 2741 2317 2799 de

230 2850 258 2891 2
265 2848 296 2907 5
326 2837 522 2896 Bedae
567 2834 830 2895 conciuis
873 2833 1093 2893 meritis
1141 2845 1322 2909 atque
1371 2832 1702 2894 eruditione
1757 2833 1952 2893 minus
2006 2835 2316 2910 magnifice

323 2932 622 2993 sentimus
710 2932 956 3009 scriptor
996 2950 1252 3007 nuperus
1294 2930 1615 2990 Casimirus
1655 2930 1859 2991 Oudin
1904 2930 2076 2989 nobis
2113 2928 2175 2988 in
2217 2950 2319 3007 op-

321 3031 622 3108 probrium
649 3030 840 3103 uertit,
872 3031 1034 3105 quod
1064 3029 1267 3090 omnia
1305 3030 1504 3089 Bedae
1542 3048 1722 3105 opera
1758 3048 1792 3089 e
1827 3028 2073 3087 diuersis
2107 3028 2316 3088 biblio·

322 3128 626 3188 thecarum
682 3125 1052 3198 nostratium,
1108 3124 1325 3202 quibus
1378 3123 1582 3183 abdita
1635 3125 1838 3195 latent,
1896 3123 2098 3182 forulis
2151 3135 2318 3185 eruta

323 3225 594 3285 nondum
632 3222 1105 3300 euulgauerimus
1129 3242 1149 3296 3
1192 3233 1251 3281 et
1278 3221 1370 3281 uir
1404 3222 1460 3280 cl
1499 3222 1799 3279 Iohannes
1830 3218 2219 3280 Mabillonius
2253 3239 2315 3280 se

417 3384 443 3421 ⁹
475 3388 654 3449 Hem-y
688 3388 936 3438 What-ton
973 3388 1358 3454 Bedae...opera
1396 3387 1701 3453 quaedam...
1751 3384 1984 3449 (London
2027 3383 2150 3448 1693
2189 3390 2275 3448 4to
2297 3382 2325 3433 f

324 3450 405 3502 Aa
428 3458 483 3501 νο
506 3453 587 3514 Ag
610 3458 655 3501 τ’
678 3452 757 3515 A4
782 3449 861 3518 το).
1841 3491 1844 3496 .

486 3563 539 3610 Β.
2084 3563 2153 3619 ¹3
