2567 3750
291 0 368 58 ὅ4
467 75 472 81 .
722 2 881 51 LET
880 2 1022 50 TER
1071 1 1166 51 OF
1199 1 1392 51 POPE
1444 0 1815 51 VITALJAN.
2141 0 2269 65 [Lu.

289 142 349 189 te
383 130 444 188 in
481 131 673 189 lucem
708 129 987 207 gentium,
1028 139 1093 188 ut
1130 128 1206 186 sis
1245 129 1398 187 salus
1440 147 1573 187 mea
1611 147 1795 204 usque
1833 130 1910 187 ad
1946 108 2272 188 extremum

289 229 526 287 terrae.”
607 238 666 287 et
708 245 970 285 rursum:
1021 231 1056 259 ‘⁶
1073 246 1236 302 reges
1283 227 1571 286 uidebunt
1613 238 1672 286 et
1716 236 2068 303 consurgent
2120 227 2273 302 prin·

289 328 450 403 cipes
479 339 538 387 et
565 329 942 388 adorabunt.”
1024 339 1083 387 et
1119 339 1254 404 post
1291 327 1601 404 pusillum:
1647 328 1839 388 “dedi
1874 339 1933 387 te
1971 327 2031 386 in
2062 328 2273 386 foedus

288 423 510 504 populi,
557 434 624 483 ut
666 425 970 484 suscitares
1007 435 1219 484 terram
1259 436 1318 484 et
1351 425 1677 500 possideres
1719 424 2068 484 hereditates
2112 422 2274 482 dissi-

289 530 456 594 patas
504 531 563 580 et
611 520 833 580 diceres
877 520 966 579 his
1011 521 1112 596 qui
1153 521 1339 589 uincti
1382 532 1517 580 sunt
1562 521 1749 580 ‘exite
1768 524 1783 550 '
1826 531 1884 579 et
1930 519 2020 578 his
2068 519 2169 595 qui
2211 519 2271 577 in
2345 534 2377 592 5

292 614 547 674 tenebris
597 615 1054 675 ‘reuelamini.'”
1135 626 1196 675 et
1237 636 1499 675 rursum:
1546 621 1707 691 “ego
1751 616 2022 674 dominus
2062 614 2275 674 uocaui

292 723 350 770 te
380 710 441 769 in
469 710 685 770 iustitia
713 721 771 771 et
799 711 1163 786 adprehendi
1200 731 1441 770 manum
1482 723 1642 770 tuam
1680 722 1738 770 et
1775 711 2003 771 seruaui
2038 722 2097 771 et
2133 712 2275 771 dedi

293 818 351 866 te
393 806 454 865 in
494 807 703 866 foedus
743 808 963 883 populi,
1009 807 1070 866 in
1113 809 1310 866 lucem
1352 809 1632 883 gentium,
1676 820 1741 869 ut
1781 809 2031 884 aperires
2074 810 2277 868 oculos

295 927 604 968 caecorum
651 915 711 965 et
755 907 1034 966 educeres
1079 906 1155 965 de
1200 905 1577 965 conclusione
1630 905 1913 978 uinctum,
1969 906 2045 966 de
2094 908 2275 965 domo

295 1003 538 1063 carceris
582 1003 854 1062 sedentes
908 1001 970 1060 in
1025 1001 1331 1061 tenebris.''
1432 1021 1587 1075 ecce,
1644 1003 2123 1061 excellentissime
2175 1003 2273 1073 fili,
2311 1014 2382 1050 10

296 1119 474 1174 quam
521 1099 653 1156 luce
698 1095 904 1155 clarius
945 1105 1050 1168 est,
1093 1116 1216 1155 non
1258 1097 1451 1155 solum
1491 1097 1567 1154 de
1607 1096 1794 1166 uobiS‚
1837 1097 1943 1154 sed
1984 1095 2161 1154 etiam
2202 1095 2277 1154 de

297 1192 568 1252 omnibus
621 1193 1035 1268 prophetatum
1088 1190 1377 1266 gentibuS‚
1442 1192 1605 1266 quod
1672 1191 1787 1250 sint
1841 1190 2163 1250 crediturae
2215 1190 2278 1248 in

299 1287 533 1346 Christo
582 1287 847 1346 omnium
902 1285 1222 1345 conditore.
1310 1285 1692 1360 quamobrem
1745 1296 1973 1361 oportet
2025 1295 2279 1343 uestram

298 1383 723 1455 celsitudinem,
761 1394 969 1458 utpote
1007 1383 1339 1442 membrum
1372 1381 1625 1442 existens
1654 1381 1885 1454 Christi,
1917 1382 1977 1441 in
2006 1382 2280 1442 omnibus

295 1478 458 1553 piam
498 1480 756 1554 regulam
799 1477 966 1554 sequi
1007 1478 1341 1554 perenniter
1379 1477 1657 1553 principis
1698 1478 2113 1553 apostolorum,
2155 1476 2280 1536 siue
2314 1489 2381 1548 15

301 1577 362 1634 in
407 1577 624 1652 pascha
666 1576 1081 1635 celebrandum
1128 1574 1252 1635 siue
1297 1574 1360 1633 in
1408 1575 1681 1634 omnibus
1724 1593 1875 1648 quae
1921 1575 2282 1633 tradiderunt

304 1672 488 1728 saneti
524 1672 776 1744 apostoli
808 1672 1008 1728 Petrus
1048 1684 1104 1728 et
1136 1672 1369 1740 Paulus,
1409 1672 1513 1744 qui
1545 1684 1609 1728 ut
1649 1672 1769 1728 duo
1809 1672 2109 1728 luminaria
2137 1672 2285 1728 caeli

304 1768 652 1824 inluminant
700 1768 1004 1840 mundum,
1056 1768 1140 1824 sie
1188 1768 1457 1828 doctrina
1505 1788 1705 1828 eorum
1753 1768 1929 1828 eorda
1977 1768 2285 1828 hominurn

304 1864 520 1924 eotitlie
548 1864 812 1924 inlustrat
840 1864 1240 1924 credentium*

428 1964 504 2016 Et
528 1972 664 2036 post
692 1960 992 2028 nonnulla,
1016 1960 1228 2036 quibus
1256 1964 1333 2020 de
1365 1964 1713 2020 celebrando
1745 1980 1845 2036 per
1867 1960 2069 2020 orbem
2097 1972 2285 2016 toturn
2317 1980 2389 2012 eo

306 2076 424 2116 uuo
456 2076 596 2112 uero
624 2056 840 2132 paseha
864 2056 1136 2132 loquitur.

428 2152 788 2212 ‘Hominem
836 2152 1122 2228 denique*
1172 2152 1361 2228 inquit
1413 2152 1761 2212 ‘docibilem
1809 2164 1865 2212 et
1909 2152 1965 2212 iti
2013 2152 2285 2212 omnihus

308 2260 576 2304 ornatum
604 2248 920 2304 antistitem
948 2248 1272 2304 seeundum
1301 2260 1625 2308 uestrorum
1653 2252 1993 2324 seriptorurn
2021 2260 2285 2308 tenorem

308 2344 548 2400 minime
592 2344 880 2400 ualuit-nus
924 2364 1084 2400 nune
1128 2344 1377 2420 reperire
1421 2364 1529 2420 pro
1581 2344 2005 2420 longinquitate
2049 2344 2281 2404 itineris.

308 2440 568 2512 profesto
608 2436 764 2496 enirn
804 2436 948 2496 dum<
984 2436 1321 2496 huiusmodi
1361 2452 1497 2512 apta
1537 2452 1765 2512 reperta
1809 2460 2057 2516 persona
2097 2440 2285 2512 fuerit,
2321 2452 2389 2508 25

28 2513 32 2565 Ι
308 2556 444 2592 eurn
488 2536 828 2592 instruetur-11
876 2536 952 2592 ad
992 2544 1244 2592 uestram
1289 2536 1605 2608 dirigemus
1649 2536 1909 2608 patriani}
1953 2548 2017 2592 ut
2061 2536 2185 2612 ipse
2229 2552 2289 2596 et

0 2625 36 2848 nl
312 2632 448 2688 uiua
472 2652 620 2688 uoee
648 2644 708 2688 et
736 2652 836 2707 per
864 2632 1064 2692 diuina
1104 2636 1337 2692 oraeula
1373 2652 1613 2692 omnem
1653 2632 1873 2688 inimiei
1909 2632 2189 2692 zizaniam
2217 2652 2289 2692 eit

312 2724 472 2785 ornui
500 2736 688 2785 uestra
716 2724 904 2785 insula
936 2749 1068 2785 curn
1104 2728 1309 2785 diuino
1345 2740 1489 2785 nutu
1529 2728 1797 2785 eradicet.
1881 2728 2229 2785 munuscula
2257 2744 2289 2785 a

312 2829 500 2877 uestra
548 2821 892 2877 celsitudine
948 2821 1120 2877 heato
1168 2821 1413 2897 principi
1469 2825 1861 2897 apostolerum
1917 2821 2137 2877 dii-eota
2185 2837 2289 2893 pro

312 2925 548 2971 aeterna
572 2913 696 2973 eius
724 2917 1004 2973 ‘memoria
1044 2917 1421 2989 suscepimus?
1461 2917 1781 2989 gratiasque
1821 2913 2045 2989 agimus
2077 2933 2149 2969 ae
2185 2933 2289 2989 pro
2321 2941 2393 2993 go

0 2949 36 3104 b]
312 3009 436 3065 eius
488 3009 888 3069 incolumitate
940 3009 1148 3085 iugiter
1200 3013 1381 3069 [leun]
1445 3013 1825 3085 deprecamur
1885 3029 2017 3069 euru
2077 3009 2293 3069 Christi

0 3160 4 3237 Ι
34 3146 40 3169 ’·
444 3141 460 3173 ¹
496 3145 756 3193 camaram
780 3161 868 3193 rus.
1096 3145 1116 3173 ³
1140 3145 1393 3209 passifflrsm
1413 3161 1501 3193 ms.
1737 3145 1781 3173 Ε*
1813 3145 2049 3209 repperire
2069 3161 2157 3193 ms.

796 3221 840 3253 Ἠ*
872 3233 1096 3289 repe-rma
1124 3241 1236 3273 man
1260 3241 1321 3289 pr
1345 3241 1449 3273 oorr
1473 3229 1521 3288 in
1545 3233 1801 3289 repperian-
