2567 3750
189 29 213 67 1
230 13 299 68 18
496 82 503 88 ¹
648 30 699 78 Α
716 84 717 89 η
736 29 1206 79 PESTILENCE
1236 29 1334 78 [Ν
1355 30 1687 80 BRJTAJM
2044 11 2166 95 [IV

1074 216 1276 272 XIIII

192 337 320 462 IN
365 357 485 414 quo
528 330 670 398 tunc
710 340 1069 400 monasterio
1109 342 1398 399 nonnulla
1439 339 1705 400 caelestis
1743 340 1979 416 gratiae
2003 341 2163 401 dona

297 433 626 511 specialiter
667 446 903 495 ostensa
942 435 1121 495 fuisse
1161 436 1555 513 perhibentur,
1589 446 1795 512 utpote
1836 434 1941 496 ubi
1976 456 2163 514 nuper

180 531 424 606 expulsa
462 530 687 590 diaboli
729 530 1062 608 tyrrannide
1105 531 1369 593 Christus
1413 532 1532 591 iam
1576 552 1818 609 regnare
1865 546 2157 611 coeperat.

181 642 215 682 e
264 623 481 699 quibus
521 644 721 698 unum,
768 627 929 702 quod
973 625 1118 685 mihi
1161 626 1664 688 reuerentissimus
1708 627 1952 711 antistes
1997 631 2162 689 Acca
2224 637 2257 697 5

181 718 413 796 saepius
440 722 648 782 referre
668 734 734 782 ‘et
760 742 797 781 a
823 722 1175 784 fidelissimis
1215 723 1478 783 eiusdem
1516 723 1855 784 monasterii
1891 724 2163 787 fratribus

181 812 293 874 sibi
335 816 579 875 relatum
625 836 881 878 asserere
926 820 1171 891 solebat,
1215 818 1536 878 memoriae
1579 820 1861 879 mandare
1905 840 2162 880 commo-

182 906 323 968 dum
346 909 651 971 duximus·
734 913 947 972 eodem
992 914 1173 973 ferme
1220 922 1503 989 tempore,
1538 932 1657 989 quo
1694 912 1823 990 ipsa
1856 915 2162 991 prouincia

179 1021 403 1064 nomen
431 1005 648 1066 Christi
684 1017 1032 1083 susceperat,
1062 1010 1282 1091 multas
1313 1007 1626 1067 Brittaniae
1651 1009 1985 1084 prouincias
2011 1029 2160 1069 mor-

181 1100 372 1160 talitas
426 1119 603 1160 saeua
657 1102 1019 1178 corripiebat.
1103 1123 1257 1186 quae
1325 1124 1461 1163 cum
1527 1107 1853 1181 praefatum
1921 1125 2157 1183 quoque
2190 1108 2259 1147 10

181 1197 599 1257 monasterium
633 1197 729 1258 cui
766 1209 908 1258 tunc
943 1201 1201 1276 regendo
1236 1198 1699 1280 religiosissimus
1729 1199 1946 1262 Christi
1975 1220 2160 1262 sacer-

181 1292 292 1351 dos
337 1294 630 1354 uocabulo
675 1297 882 1370 Eappa
922 1294 1171 1372 praefuit
1218 1306 1366 1354 nutu
1418 1295 1653 1355 diuinae
1707 1295 2161 1371 dispensationis*

180 1387 507 1465 attingeret,
535 1389 836 1467 multique,
873 1391 997 1452 siue
1025 1394 1103 1453 de
1128 1391 1219 1451 his
1256 1391 1358 1468 qui
1391 1411 1526 1451 cum
1562 1389 1818 1450 antistite
1856 1390 1957 1450 illo
1984 1410 2159 1450 uene-

181 1494 312 1543 rant
352 1483 477 1545 siue
515 1487 590 1546 de
626 1486 739 1546 illis
783 1485 884 1563 qui
925 1488 1003 1547 de
1044 1488 1251 1547 eadem
1282 1486 1598 1563 ¹prouincia
1632 1488 1932 1546 Saxonum
1972 1504 2159 1561 nuper

181 1579 259 1637 ad
301 1580 482 1639 fidem
522 1582 749 1641 fuerant
793 1581 1008 1655 uocati,
1065 1582 1280 1659 passim
1336 1583 1411 1642 de
1464 1584 1576 1641 hac
1629 1581 1752 1641 uita
1802 1592 2154 1658 raperentur,
2189 1589 2253 1646 15

179 1673 372 1734 uisum
416 1685 505 1735 est
544 1677 813 1735 fratribus
861 1674 1196 1736 triduanum
1251 1676 1530 1738 ieiunium
1576 1695 1747 1753 agere
1794 1687 1855 1736 et
1898 1676 2155 1735 diuinam

183 1768 521 1845 suppliciter
546 1769 852 1831 obsecrare
889 1771 1276 1844 clementiam,
1316 1782 1383 1831 ut
1416 1770 1873 1830 misericordiam
1900 1769 2010 1830 sibi
2038 1769 2157 1846 dig·

181 1876 417 1942 naretur
456 1863 777 1938 inpendere
818 1879 877 1926 et
910 1865 1044 1926 -siue
1084 1865 1474 1942 periclitantes
1515 1867 1632 1925 hoc
1673 1866 1880 1928 morbo
1922 1883 1959 1924 a
1995 1883 2156 1941 prae-

182 1959 333 2021 senti
359 1973 547 2021 morte
574 1960 845 2022 liberaret
882 1980 986 2021 seu
1017 1973 1215 2039 raptos
1243 1980 1277 2021 e
1305 1963 1530 2022 mundo
1558 1981 1596 2020 a
1620 1973 1903 2038 perpetua
1927 1959 2155 2019 animae

181 2054 558 2115 damnatione
587 2066 856 2116 seruaret.
2184 2072 2257 2110 20

301 2153 443 2211 Erat
478 2161 622 2211 tunc
657 2151 936 2228 temporis
968 2150 1032 2211 in
1072 2152 1283 2212 eodem
1326 2150 1682 2212 monasterio
1722 2151 2000 2228 puerulus
2034 2148 2155 2225 qui-

183 2249 320 2307 dam
374 2247 451 2307 de
502 2246 745 2308 natione
792 2249 1089 2307 Saxonum
1143 2266 1332 2324 nuper
1383 2258 1628 2307 uocatus
1674 2248 1753 2306 ad
1808 2248 2007 2319 fidem,
2055 2243 2156 2321 qui

181 2344 390 2403 eadem
437 2353 626 2403 tactus
679 2342 1014 2404 infirmitate
1060 2363 1182 2403 non
1230 2363 1424 2420 pauco
1465 2354 1730 2420 tempore
1769 2343 2055 2402 recubans
2095 2340 2157 2399 in

181 2440 399 2499 lectulo
453 2436 698 2504 iacebat.
782 2458 917 2498 cum
971 2457 1109 2515 ergo
1163 2439 1423 2498 secunda
1475 2436 1782 2498 memorati
1836 2431 2038 2497 ieiunii
2086 2453 2156 2494 ac

181 2533 673 2611 supplicationum
717 2535 844 2594 dies
885 2545 1164 2611 ageretur,
1209 2534 1454 2611 contigit
1487 2537 1637 2594 forte
1680 2533 1870 2610 ipsum
1910 2549 2156 2608 puerum
2185 2548 2213 2584 2
2222 2545 2253 2604 5

179 2631 325 2690 hora
351 2630 531 2689 ferme
557 2631 819 2690 secunda
854 2630 972 2691 diei
1007 2629 1070 2689 in
1107 2631 1242 2690 loco
1271 2629 1331 2688 in
1371 2650 1487 2706 quo
1515 2629 1942 2706 aeger-iacebat
1968 2627 2155 2687 solum

179 2723 430 2784 inueniri
452 2745 483 2782 :-
518 2725 614 2785 cui
657 2725 860 2785 diuina
900 2725 1285 2802 dispositione
1329 2725 1523 2786 subito
1564 2724 1885 2786 beatissimi
1926 2735 2159 2802 aposto-

180 2822 370 2881 lorum
416 2818 709 2897 principes
762 2821 985 2898 dignati
1039 2831 1173 2880 sunt
1226 2841 1523 2898 apparere.
1630 2831 1751 2881 erat
1804 2820 1962 2880 enim
2014 2840 2161 2898 puer

180 2916 428 2974 multum
464 2915 742 2993 simplicis
785 2935 857 2976 ae
899 2914 1187 2976 mansueti
1228 2914 1412 2975 animi
1453 2915 1797 2992 sinceraque
1838 2915 2158 2976 deuotione

181 3020 546 3070 sacramenta
586 3011 726 3070 fidei
772 3030 929 3088 quae
960 3023 1292 3088 susceperat
1329 3031 1582 3072 seruans,
1667 3012 1986 3071 salutantes
2023 3030 2158 3088 ergo
2184 3026 2260 3081 30

181 3107 345 3166 illum
388 3106 580 3168 uerbis
623 3106 899 3184 piissimis
939 3107 1194 3185 apostoli
1236 3108 1548 3169 dicebant:
1603 3109 1621 3138 ‘
1637 3104 1762 3169 noli
1801 3104 2023 3173 timere,
2057 3104 2155 3178 fili,

1006 3235 1050 3267 ²⁶
1079 3253 1187 3302 eger
1203 3253 1295 3288 ms-

255 3413 2557 3750 -n-—d

2541 3261 2546 3410 ⁴22⁴——
2533 2825 2550 3220 --““““---··
2533 1672 2557 2710 ...Ἣ
2543 900 2557 1651 ψ,
2545 78 2557 839 -ψμ-
