2567 3750
366 57 423 144 ('2
434 61 640 145 2)=20]
650 78 801 128 THE
806 77 905 129 OD
909 78 1054 128 ORE
1066 80 1177 129 MA
1181 76 1333 128 KES
1337 80 1483 129 PEA
1493 81 1587 131 cE
1598 82 1755 130 BET
1763 82 1994 131 WEEN
2002 82 2233 133 THEM.
2245 88 2268 127 1
2278 86 2312 145 3
2319 86 2353 145 3

366 208 594 270 circiter
633 229 673 268 x
712 220 771 270 et
807 208 913 269 uiii
947 229 1236 270 annorum
1263 209 1494 287 utrique
1534 210 1874 287 prouinciae
1906 216 2156 274 multum
2201 234 2357 277 ama-

365 306 511 368 bilis.
595 327 734 367 nam
778 317 838 369 et
885 327 1144 370 sororem
1190 308 1332 381 eiuS,
1380 328 1533 385 quae
1587 309 1892 370 dicebatur
1928 312 2205 391 Osthryd,
2254 333 2356 374 rex

362 405 644 466 Aedilred
679 405 935 466 habebat
970 424 1228 465 uxorem.
1314 425 1571 482 cumque
1620 406 1890 466 materies
1935 407 2075 468 belli
2121 407 2355 469 acrioris

363 512 421 561 et
447 499 788 562 inimicitiae
825 500 1104 578 longioris
1145 500 1297 560 inter
1335 519 1499 577 reges
1531 503 1902 578 populosque
1941 504 2167 563 feroces
2193 504 2355 563 uide-

301 610 333 667 5
364 607 520 656 retur
544 598 763 669 exorta,
793 597 1145 656 Theodorus
1188 597 1305 656 deo
1334 596 1582 655 dilectus
1617 595 1861 656 antistes
1887 597 2092 657 diuino
2120 598 2356 658 functus

363 693 580 754 auxilio
607 693 901 754 salutifera
927 692 1330 754 exhortatione
1348 703 1626 769 coeptum
1647 691 1796 752 tanti
1821 693 2065 770 periculi
2092 695 2357 755 funditus

361 788 648 868 extinguit
673 790 1014 851 incendium
1038 808 1051 848 t
1091 790 1244 849 adeo
1275 800 1340 849 ut
1372 789 1594 865 pacatis
1631 790 1972 849 alterutrum
2007 790 2244 866 regibus
2284 810 2356 850 ac

361 886 594 964 populis
640 886 859 946 nullius
911 885 1108 946 anima
1162 885 1418 945 hominis
1461 903 1570 962 pro
1614 884 1919 945 interfecto
1972 885 2123 961 regis
2163 887 2338 946 fratre

363 985 469 1044 sed
511 983 713 1043 debita
759 984 1133 1043 solummodo
1178 984 1364 1042 multa
1409 981 1696 1058 pecuniae
1728 981 1850 1059 regi
1886 982 2061 1042 ultori
2100 984 2348 1043 daretur.

265 1098 337 1135 10
361 1077 529 1137 cuius
580 1078 821 1138 foedera
871 1078 1034 1154 pacis
1088 1078 1277 1137 multo
1334 1077 1549 1137 exinde
1603 1088 1868 1154 tempore
1914 1077 2065 1138 inter
2109 1078 2354 1139 eosdem

361 1192 525 1250 reges
552 1191 874 1249 eorumque
900 1193 1080 1249 regna
1107 1174 1404 1234 durarunt.

1238 1408 1482 1499 [XXII]

372 1563 500 1692 IN
543 1564 802 1642 praefato
847 1573 1048 1624 autem
1089 1565 1333 1641 proelio,
1373 1585 1495 1642 quo
1538 1564 1767 1625 occisus
1804 1575 1893 1626 est
1927 1584 2032 1627 rex
2071 1567 2349 1640 Aelfuini,

479 1662 858 1723 memorabile
894 1662 1179 1738 quiddam
1216 1663 1438 1722 factum
1480 1682 1608 1723 esse
1644 1673 1892 1736 constat,
1931 1666 2098 1739 quod
2132 1684 2352 1741 nequa-

271 1773 331 1832 15
360 1776 540 1834 quam
567 1756 800 1818 silentio
839 1760 1340 1834 praetereundum·
1370 1758 1617 1818 arbitror
1651 1759 1758 1818 sed
1798 1760 2114 1818 multorum
2157 1760 2348 1832 saluti,

359 1855 410 1916 si
444 1857 737 1930 referatur,
760 1856 889 1915 *fore
928 1856 1273 1933 proficuum.
1360 1855 1589 1916 occisus
1631 1868 1721 1917 est
1760 1855 1845 1917 ibi
1887 1856 2039 1919 inter
2078 1857 2226 1919 alios
2272 1860 2348 1918 de

358 1950 566 2011 militia
610 1951 737 2011 eius
784 1952 1013 2013 iuuenis
1061 1954 1355 2013 uocabulo
1401 1954 1632 2026 Imma3
1689 1951 1791 2028 qui
1838 1971 1976 2012 cum
2014 1951 2110 2012 die
2151 1952 2253 2012 illo
2291 1963 2350 2012 et

357 2058 534 2109 nocte
588 2049 857 2126 sequenti
909 2050 1063 2110 inter
1122 2051 1413 2110 cadauera
1466 2048 1796 2109 occisorum
1858 2048 2062 2108 similis
2115 2061 2350 2109 mortuo

357 2142 588 2219 iaceret,
644 2147 885 2206 tandem
951 2157 1192 2223 recepto
1259 2146 1464 2222 spiritu
1515 2145 1723 2206 reuixit
1790 2164 1861 2204 ac
1914 2144 2176 2204 residens
2244 2164 2351 2205 sua

259 2264 332 2301 20
358 2242 800 2317 uulnera'prout
826 2242 1021 2318 potuit
1048 2242 1174 2319 ipse
1202 2241 1498 2318 alligauit:
1538 2241 1680 2302 dein
1721 2240 2024 2301 modicum
2050 2240 2349 2318 requietus

356 2333 576 2396 leuauit
630 2355 694 2396 se
747 2347 809 2397 et
860 2336 1057 2413 coepit
1113 2337 1272 2397 abire
1328 2335 1516 2397 sicubi
1561 2337 1802 2409 amicOS,
1854 2333 1956 2413 qui
2010 2336 2102 2396 sui
2148 2355 2348 2397 curam

356 2439 613 2507 agerent,
660 2442 861 2508 posset
907 2430 1189 2492 inuenire.
1275 2433 1440 2509 quod
1486 2433 1630 2491 dum
1669 2433 1900 2505 faceret,
1943 2431 2219 2491 inuentus
2260 2443 2350 2491 est

354 2537 417 2586 et
442 2538 649 2603 captus
676 2548 714 2587 a
752 2526 890 2587 uiris
917 2527 1144 2587 hostilis
1182 2527 1470 2588 exercitus
1508 2538 1568 2587 et
1607 2529 1685 2588 ad
1719 2527 2027 2587 dominum
2068 2526 2345 2603 ipsorum,

353 2621 634 2682 comitem
670 2622 950 2683 uidelicet
975 2623 1278 2685 Aedilredi
1305 2623 1473 2700 regiS‚
1502 2624 1805 2683 adductus·
1881 2641 1921 2680 a
1956 2641 2076 2698 quo
2112 2621 2350 2682 interro-

257 2742 287 2778 2
295 2740 325 2798 5
353 2730 523 2794 gatus
568 2720 700 2796 quis
755 2730 927 2793 esset,
976 2718 1171 2780 timuit
1214 2740 1278 2780 se
1324 2719 1570 2779 militem
1611 2718 1795 2779 'fuisse
1836 2717 2136 2791 confiteri3
2183 2720 2349 2778 rusti-
