2567 3750
302 52 621 149 u>(2⁸4)=2’2]
696 70 705 77 ’
765 85 1052 134 VJSJONS
1089 70 1301 133 SEEN
1332 85 1448 133 AT
1480 84 1637 132 HER
1680 83 1968 134 DEATH.
2173 70 2301 140 ‘14‘1
2361 82 2368 93 .

307 213 468 290 prius
515 213 724 272 eadem
768 209 1116 288 cognouisse
1160 222 1247 284 et‚'
1283 231 1421 270 cum
1466 221 1828 287 exponerent
1875 230 1985 287 per
2036 209 2307 270 ordinem

308 310 615 386 quomodo
642 310 790 368 haec
816 310 913 367 uel
943 308 1184 387 quando
1227 307 1587 379 didicissent,
1619 307 1930 367 inuentum
1970 319 2060 368 est
2095 309 2306 367 eadem

308 408 454 465 hora
492 404 804 465 transitum
846 404 970 464 eius
1016 403 1128 463 illis
1168 396 1478 463 ostensum
1526 423 1655 464 esse
1698 423 1807 480 per
1839 403 2147 477 uisionem,
2189 422 2308 480 qua

308 504 469 561 illam
505 504 836 562 referebant
878 501 1067 561 exisse
1107 503 1182 561 de
1221 502 1448 560 mundo
1478 521 1492 558 ε
1534 503 1898 578 pulchraque
1935 520 2128 561 rerum
2168 520 2306 561 con·

243 626 274 683 5
308 599 510 687 cordia
548 609 925 675 procuratum
968 609 1057 657 est
1098 597 1379 657 diuinitus
1420 607 1501 670 ut,
1535 618 1670 656 cum
1711 597 1795 657 illi
1829 597 2045 658 exitum
2075 598 2201 658 eius
2229 599 2307 659 de

307 697 420 754 hac
472 696 598 755 uita
649 696 934 767 uiderent,
983 706 1123 754 tunc
1164 694 1260 754 isti
1302 693 1607 754 introitum
1662 694 1789 753 eius
1841 694 1904 753 in
1958 707 2304 770 perpetuam

306 791 635 851 animarum
689 792 874 851 uitam
944 800 1387 868 cognoscerent.
1500 789 1721 850 distant
1776 800 1976 850 autem
2029 790 2182 850 inter
2240 811 2306 850 se

307 888 664 948 monasteria
688 889 839 947 haec
865 887 966 947 xiii
994 890 1175 947 ferme
1202 887 1440 946 milibus
1467 907 1762 964 passuum.

429 985 650 1043 Ferunt
676 994 877 1043 autem
907 985 1069 1060 quod
1109 985 1323 1044 eadem
1364 996 1544 1044 nocte
1580 984 1641 1043 in
1675 985 1810 1061 ipso
1835 1004 2076 1061 quoque
2103 1004 2306 1045 mona-

195 1106 279 1163 210
308 1078 503 1153 steri0,
531 1081 630 1140 ubi
667 1083 927 1157 praefata
966 1081 1064 1141 dei
1103 1083 1323 1141 famula
1361 1080 1525 1153 obiit,
1564 1081 1800 1141 cuidam
1848 1081 2142 1158 uirginum
2186 1084 2305 1142 deo

307 1176 657 1238 denotatum
687 1197 838 1254 quae
866 1179 1026 1238 illam
1054 1178 1327 1237 inmenso
1355 1197 1555 1238 amore
1592 1177 1874 1255 diligebat
1916 1177 2113 1238 obitus
2150 1178 2305 1238 illius

307 1273 369 1332 in
415 1274 648 1334 uisione
688 1274 1044 1351 apparuerit,
1086 1293 1239 1351 quae
1286 1274 1548 1333 animam
1604 1275 1730 1336 eius
1773 1293 1909 1334 cum
1957 1275 2181 1353 angelis
2224 1275 2302 1335 ad

307 1371 538 1429 caelum
565 1369 648 1429 ire
690 1369 1062 1446 conspexerit
1094 1381 1272 1446 atque
1309 1370 1427 1430 hoc
1468 1369 1597 1447 ipsa
1634 1390 1753 1448 qua
1789 1373 2009 1453 factum
2042 1382 2133 1433 est
2159 1374 2305 1433 hora

307 1463 397 1524 his
439 1485 591 1542 quae
629 1456 833 1525 secum
871 1478 1035 1527 erant
1068 1467 1300 1526 famulis
1344 1466 1561 1527 Christi
1610 1468 1920 1529 manifeste
1964 1470 2300 1543 narrauerit‚

208 1574 275 1632 15
308 1575 527 1635 easque
553 1561 633 1619 ad
661 1563 950 1621 orandum
976 1581 1085 1638 pro
1113 1561 1314 1620 anima
1342 1561 1482 1636 eiu8‚
1515 1562 1694 1623 etiam
1735 1564 2079 1640 priusquam
2108 1577 2305 1625 cetera

307 1657 684 1734 congregatio
739 1658 865 1718 eius
933 1657 1162 1717 obitum
1231 1658 1626 1735 cognouisset,
1696 1659 2052 1721 excitauerit.
2137 1663 2302 1737 quod

306 1749 388 1810 ita
430 1753 608 1813 fuisse
655 1754 875 1814 factum
918 1773 1059 1815 mox
1108 1755 1550 1832 congregationi
1597 1775 1773 1816 mane
1817 1760 1976 1818 facto
2024 1756 2298 1819 innotuit.

309 1861 431 1939 erat
455 1851 616 1912 enim
642 1853 794 1913 haec
831 1852 962 1931 ipsa
987 1855 1134 1913 hora
1161 1873 1299 1913 cum
1333 1853 1462 1914 aliis
1500 1854 1800 1915 nonnullis
1830 1854 2047 1916 Christi
2075 1855 2303 1917 ancillis

308 1943 368 2007 in
424 1951 693 2011 extremis
747 1949 1087 2011 monasterii
1140 1953 1286 2012 locis
1343 1972 1607 2013 seorsum
1676 1952 1887 2031 posita,
1944 1954 2048 2014 ubi
2116 1974 2305 2032 nuper

210 2070 282 2108 20
309 2046 614 2107 uenientes
667 2049 746 2108 ad
801 2048 1314 2108 conuersationem
1381 2048 1637 2109 feminae
1710 2051 1981 2110 solebant
2048 2050 2296 2126 probari,

309 2139 501 2201 donec
547 2142 886 2219 regulariter
935 2143 1237 2205 institutae
1291 2143 1355 2203 in
1423 2143 1767 2205 societatem
1830 2144 2304 2223 congregationis

307 2237 751 2316 susciperentur.

1162 2402 1427 2488 [xxiv]

319 2528 444 2652 IN
487 2531 662 2592 huius
697 2531 1057 2593 monasterio
1090 2534 1425 2593 abbatissae
1462 2531 1571 2593 fuit
1610 2535 1784 2593 frater
1820 2532 2059 2609 'quidam
2095 2531 2300 2592 diuina

211 2656 277 2715 25
424 2629 609 2707 gratia
650 2627 981 2704 specialiter
1018 2627 1278 2705 insigniS,
1311 2628 1450 2705 quia
1492 2628 1750 2688 carmina
1782 2628 2048 2705 religioni
2085 2639 2145 2689 et
2180 2628 2301 2705 pie-

308 2725 410 2785 tati
438 2735 578 2801 apta
603 2726 798 2783 facere
826 2724 1053 2785 solebat
1080 2725 1162 2784 ita
1189 2736 1271 2798 ut,
1304 2724 1590 2801 quicquid
1617 2745 1691 2785 ex
1719 2724 1935 2784 diuinis
1962 2724 2167 2785 litteris
2193 2744 2301 2801 per

306 2820 649 2897 interpretes
688 2819 954 2892 disceret,
997 2820 1115 2880 hoc
1155 2819 1280 2896 ipse
1318 2831 1455 2896 post
1490 2820 1767 2897 pusillum
1809 2820 2003 2879 uerbis
2050 2820 2297 2896 poeticis

305 2916 562 2974 maxima
588 2915 879 2974 suauitate
907 2926 967 2975 et
996 2915 1455 2992 compunctione
1493 2913 1836 2991 compositis
1864 2914 1925 2973 in
1964 2934 2087 2987 sua,
2119 2915 2181 2975 id
2209 2926 2298 2975 est

305 3013 650 3087 Anglorum,
694 3010 897 3087 lingua
945 3013 1243 3088 proferret.
1345 3010 1510 3070 cuius
1566 3009 1923 3069 carminibus
1977 3012 2297 3070 multorum

209 3136 282 3193 30
306 3124 483 3183 saepe
521 3104 704 3166 animi
736 3107 813 3165 ad
848 3117 1213 3166 contemtum
1251 3105 1471 3166 saeculi
1506 3117 1565 3165 et
1602 3106 1930 3182 appetitum
1969 3115 2106 3164 sunt
2140 3104 2297 3164 uitae

306 3202 571 3264 caelestis
624 3202 877 3265 accensi.
962 3213 1022 3264 et
1076 3202 1319 3279 quidem
1377 3213 1437 3263 et
1484 3202 1584 3263 alii
1629 3213 1766 3280 post
1807 3202 1971 3260 illum
2016 3199 2079 3259 in
2121 3213 2297 3278 gente

368 3314 417 3350 ¹⁸
441 3317 639 3366 ancellis
670 3333 731 3382 pr
750 3332 882 3367 man.
1146 3312 1190 3346 ²³
1221 3315 1403 3365 XXII
1424 3330 1515 3366 ms·
1782 3313 1825 3347 ²⁷
1846 3314 2116 3379 pussillum
2148 3327 2239 3361 ms.
