2567 3750
256 66 368 138 ‘154
475 76 583 126 HE
613 78 687 126 [s
721 62 1021 129 CHOSEN
1044 74 1318 124 BJSHOP
1356 75 1451 124 OF
1474 71 1990 123 LJNDJSFARNE.
2104 49 2221 132 [IV

249 205 389 262 dum
437 205 695 262 facerent
730 204 807 262 ad
844 202 1023 260 fidem
1065 210 1125 260 et
1164 218 1369 280 preces
1405 198 1604 258 famuli
1647 197 1761 272 dei,
1790 197 1907 257 alio
1939 197 2037 256 die
2070 214 2223 272 aqua

249 301 425 374 plena
471 299 708 357 inuenta
752 309 855 369 est,
905 314 1056 373 quae
1101 316 1288 371 usque
1328 297 1407 354 ad
1448 297 1602 354 hanc
1639 294 1797 354 diem
1839 293 2221 353 sufficientem

251 395 478 452 cunctis
530 394 633 453 illo
686 391 1132 451 aduenientibus
1199 391 1418 466 gratiae
1472 408 1610 448 suae
1670 389 1938 448 caelestis
1992 388 2220 463 copiam

250 489 550 548 ministrat.
635 491 740 548 sed
796 499 855 547 et
907 490 1253 546 ferramenta
1308 486 1418 544 sibi
1484 485 1694 544 ruralia
1747 505 1882 543 cum
1935 487 2222 544 frumento

251 583 462 642 adferri
491 583 760 659 rogauit,
804 583 965 659 quod
1007 584 1150 642 dum
1191 591 1534 657 praeparata
1573 591 1725 639 terra
1765 592 2026 656 tempore
2090 598 2225 638 con—

252 697 395 754 gruo
450 678 776 750 seminaret,
831 678 915 735 nil
969 667 1232 750 omnino,
1285 674 1408 734 non
1462 675 1597 735 dico
1653 676 1942 752 spicarum
1997 677 2099 736 sed
2149 695 2223 735 ne

252 778 468 835 herbae
516 775 772 851 quidem,
823 795 897 834 ex
943 794 1016 834 eo
1062 773 1383 850 germinare
1431 792 1617 850 usque
1670 775 1746 832 ad
1800 773 2036 832 aestatis
2083 784 2227 833 tem-

252 891 399 948 pora
450 871 707 954 contigit.
791 871 949 929 unde
1016 869 1387 928 uisitantibus
1451 886 1518 929 se
1588 889 1661 928 ex
1727 889 1890 929 more
1956 870 2225 928 fratribus

254 971 500 1029 ordeum
555 968 719 1027 iussit
771 968 996 1040 adferri,
1049 968 1097 1026 si
1150 969 1300 1027 forte
1354 968 1450 1027 uel
1504 978 1710 1025 natura
1764 967 1873 1026 soli
1926 967 2078 1025 illius
2130 969 2226 1025 uel

255 1068 527 1125 uoluntas
577 1076 728 1124 esset
776 1063 1009 1140 superni
1057 1063 1340 1140 largitoris
1389 1074 1454 1122 ut
1500 1063 1658 1121 illius‘
1693 1063 1868 1139 frugis
1908 1062 1989 1122 ibi
2030 1063 2225 1139 potius

257 1180 422 1236 seges
451 1161 702 1220 oriretur.
787 1161 950 1236 quod
979 1160 1119 1217 dum
1149 1159 1258 1218 sibi
1293 1161 1552 1219 adlatum
1594 1163 1741 1219 ultra
1780 1179 1957 1220 omne
1998 1172 2226 1236 tempus

256 1256 487 1315 seren'di
540 1258 690 1315 ultra
743 1275 981 1315 omnem
1036 1274 1202 1331 spem
1269 1256 1655 1315 fructificandi
1708 1254 1920 1316 eodem
1973 1254 2035 1315 in
2088 1276 2227 1332 agro

256 1361 484 1420 sereret,
542 1369 681 1408 mox
746 1348 989 1424 copiosa
1054 1368 1220 1424 seges
1288 1359 1490 1409 exorta
1557 1350 1945 1410 desideratam
2012 1348 2229 1426 proprii

257 1446 469 1504 laboris
500 1446 621 1504 uiro
651 1444 747 1504 dei
774 1444 1150 1504 refectionem
1179 1446 1512 1521 praebebat.

378 1542 532 1601 Cum
576 1559 711 1615 ergo
755 1539 953 1600 multis
1000 1539 1220 1600 ibidem
1265 1541 1434 1600 annis
1480 1543 1596 1601 deo
1650 1541 1940 1602 solitarius
1989 1542 2230 1601 seruiret

259 1635 447 1711 (tanta
490 1646 685 1694 autem
742 1648 863 1696 erat
907 1636 1158 1696 altitudo
1207 1634 1432 1712 aggeris
1481 1657 1602 1713 quo
1654 1638 1882 1697 mansio
1938 1637 2062 1697 eius
2108 1649 2231 1696 erat

257 1734 490 1803 uallata,
535 1743 601 1790 ut
648 1736 879 1792 caelum
921 1743 1149 1792 tantum
1197 1753 1271 1792 ex
1315 1753 1387 1793 ea
1429 1734 1593 1794 cuius
1649 1734 1951 1794 introitum
1999 1734 2231 1793 sitiebat

258 1829 517 1904 aspicere
558 1829 797 1908 posset),
828 1829 1073 1916 contigit
1111 1839 1176 1888 ut
1217 1841 1568 1907 congregata
1611 1831 1840 1907 synodo
1881 1849 2002 1889 non
2047 1848 2231 1907 paruo

259 1926 368 1985 sub
396 1926 719 1999 praesentia
746 1926 895 1999 regis
939 1925 1194 2001 Ecgfridi
1230 1925 1392 1985 iuxta
1427 1927 1673 1986 fluuium
1700 1930 1855 1987 Alne
1881 1928 1942 1986 in
1970 1929 2102 1986 loco
2130 1925 2232 2002 qui

256 2020 483 2079 diciturv
510 2021 859 2097 Adtuifyrdi,
890 2023 1052 2097 quod
1094 2022 1381 2098 significat
1424 2025 1532 2082 ‘ad
1582 2025 1801 2100 duplex
1842 2025 2098 2095 uadum,'
2136 2020 2233 2080 cui

260 2117 467 2174 beatae
520 2118 835 2177 memoriae
886 2119 1236 2177 Theodorus
1304 2117 1777 2194 archiepiscopus
1845 2117 2230 2193 praesidebat,

261 2201 616 2269 uno‘animo
655 2211 1035 2287 omniumque
1072 2231 1363 2271 consensu
1400 2213 1477 2271 ad
1512 2214 1914 2289 episcopatum
1952 2212 2234 2272 ecclesiae

261 2304 749 2364 Lindisfarnensis
817 2306 1134 2381 eligeretur.
1219 2307 1321 2382 qui
1388 2326 1525 2365 cum
1578 2308 1775 2366 multis
1828 2307 2118 2383 legatariis
2163 2325 2234 2365 ac

260 2402 463 2459 litteris
503 2404 578 2461 ad
613 2421 677 2461 se
716 2399 1050 2477 praemissis
1085 2421 1460 2478 nequaquam
1500 2422 1609 2463 suo
1643 2403 1996 2463 monasterio
2036 2412 2236 2479 posset

262 2495 401 2567 erui,
432 2497 671 2555 tandem
700 2517 800 2555 rex
837 2496 963 2572 ipse
998 2499 1306 2573 praefatuS,
1337 2517 1456 2556 una
1492 2517 1629 2556 cum
1668 2497 2035 2556 sanctissimo
2061 2495 2235 2555 antis*

262 2593 365 2651 tite
393 2594 711 2651 Trumuine
744 2612 857 2653 nec
892 2613 1013 2653 non
1052 2605 1110 2653 et
1146 2594 1272 2652 aliis
1301 2593 1582 2669 religiosis
1616 2613 1686 2652 ac
1712 2593 2052 2669 potentibus
2079 2592 2232 2663 uiriS‚

2259 1076 2331 1113 10

2264 2037 2335 2074 20

2266 2507 2335 2566 25

263 2688 511 2771 insulam
539 2689 851 2766 nauigauit.
936 2692 1299 2750 conueniunt
1338 2702 1396 2750 et
1433 2693 1510 2750 de
1547 2691 1673 2766 ipsa
1713 2693 1901 2750 insula
1928 2690 2238 2749 Lindisfar-
2311 2689 2319 2695 ’

262 2786 431 2844 nensi
465 2786 525 2844 in
560 2788 675 2846 hoc
705 2787 898 2863 ipsum
940 2788 1108 2846 multi
1145 2789 1221 2847 de
1263 2787 1547 2861 fratribuS,
1592 2788 1990 2863 genuflectunt
2030 2805 2237 2846 omnes

263 2881 529 2940 adiurant
571 2901 676 2957 per
718 2882 1024 2941 dominum
1068 2882 1335 2941 lacrimas
1378 2884 1632 2942 fundunt
1674 2885 2001 2954 obsecrant,
2046 2883 2239 2941 donec

264 2976 454 3052 ipsum
499 2997 735 3054 quoque
772 2977 1021 3037 lacrimis
1053 2981 1294 3055 plenum
1343 2979 1610 3038 dulcibus
1653 2980 1961 3038 extrahunt
2002 2977 2238 3037 latebris
2266 2995 2341 3049 30

265 3085 441 3147 atque
468 3077 541 3132 ad
572 3076 861 3149 synodum
887 3077 1242 3151 pertrahunt.
1329 3095 1447 3151 quo
1486 3077 1629 3134 dum
1661 3075 2010 3151 perueniret,
2041 3093 2240 3150 quama

266 3168 355 3226 uis
383 3170 626 3228 multum
654 3172 925 3244 renitenS‚
943 3172 1221 3230 unanima
1240 3186 1583 3231 cunctorum
1610 3174 1913 3232 uoluntate
1940 3181 2240 3247 superatur

968 3311 971 3316 ·
1045 3282 1088 3315 ²³
1119 3284 1347 3347 legatarii·
1376 3299 1467 3334 mS.
