<?xml version="1.0" encoding="UTF-8"?>
<!DOCTYPE html PUBLIC "-//W3C//DTD XHTML 1.0 Transitional//EN"
    "http://www.w3.org/TR/xhtml1/DTD/xhtml1-transitional.dtd">
<html xmlns="http://www.w3.org/1999/xhtml" xml:lang="en" lang="en">
 <head>
  <title>
</title>
<meta http-equiv="Content-Type" content="text/html;charset=utf-8" />
  <meta name='ocr-system' content='tesseract 3.04.00' />
  <meta name='ocr-capabilities' content='ocr_page ocr_carea ocr_par ocr_line ocrx_word'/>
</head>
<body>
  <div class='ocr_page' id='page_1' title='image "./historiaeeccles01lumbgoog_0150.png"; bbox 0 0 2567 3750; ppageno 0'>
   <div class='ocr_carea' id='block_1_1' title="bbox 298 0 2268 80">
    <p class='ocr_par' dir='ltr' id='par_1_1' title="bbox 298 0 2268 80">
     <span class='ocr_line' id='line_1_1' title="bbox 298 0 2268 80; baseline 0.007 -26"><span class='ocrx_word' id='word_1_1' title='bbox 298 15 325 55; x_wconf 69' lang='grc' dir='ltr'><strong>ι</strong></span> <span class='ocrx_word' id='word_1_2' title='bbox 338 0 410 56; x_wconf 85' lang='lat'>28</span> <span class='ocrx_word' id='word_1_3' title='bbox 488 13 637 63; x_wconf 84' lang='lat' dir='ltr'>SHE</span> <span class='ocrx_word' id='word_1_4' title='bbox 666 14 1096 63; x_wconf 66' lang='lat' dir='ltr'><em>BECOMESA</em></span> <span class='ocrx_word' id='word_1_5' title='bbox 1126 14 1304 65; x_wconf 83' lang='lat' dir='ltr'>NUN</span> <span class='ocrx_word' id='word_1_6' title='bbox 1328 15 1492 63; x_wconf 78' lang='lat' dir='ltr'>Am&gt;</span> <span class='ocrx_word' id='word_1_7' title='bbox 1523 14 1823 64; x_wconf 75' lang='lat' dir='ltr'><em>FOUNDS</em></span> <span class='ocrx_word' id='word_1_8' title='bbox 1850 14 2065 65; x_wconf 83' lang='lat' dir='ltr'><em>ELGE.</em></span> <span class='ocrx_word' id='word_1_9' title='bbox 2151 0 2268 80; x_wconf 79' lang='grc' dir='ltr'>[Ν</span> 
     </span>
    </p>
   </div>
   <div class='ocr_carea' id='block_1_2' title="bbox 290 139 2553 3182">
    <p class='ocr_par' dir='ltr' id='par_1_2' title="bbox 290 139 2369 2040">
     <span class='ocr_line' id='line_1_2' title="bbox 291 139 2267 217; baseline 0.002 -18"><span class='ocrx_word' id='word_1_10' title='bbox 291 141 637 199; x_wconf 89' lang='lat' dir='ltr'>deuotarum</span> <span class='ocrx_word' id='word_1_11' title='bbox 664 139 1017 216; x_wconf 69' lang='lat' dir='ltr'>perplurium</span> <span class='ocrx_word' id='word_1_12' title='bbox 1048 150 1233 200; x_wconf 90' lang='lat' dir='ltr'>mater</span> <span class='ocrx_word' id='word_1_13' title='bbox 1259 139 1424 215; x_wconf 89' lang='lat' dir='ltr'>uirgo</span> <span class='ocrx_word' id='word_1_14' title='bbox 1452 151 1510 200; x_wconf 93' lang='lat' dir='ltr'>et</span> <span class='ocrx_word' id='word_1_15' title='bbox 1537 140 1818 217; x_wconf 87' lang='lat' dir='ltr'>exemplis</span> <span class='ocrx_word' id='word_1_16' title='bbox 1859 141 2015 201; x_wconf 89' lang='lat' dir='ltr'>uitae</span> <span class='ocrx_word' id='word_1_17' title='bbox 2053 145 2267 202; x_wconf 91' lang='lat' dir='ltr'>caeles-</span> 
     </span>
     <span class='ocr_line' id='line_1_3' title="bbox 290 236 2265 313; baseline 0.002 -19"><span class='ocrx_word' id='word_1_18' title='bbox 290 236 363 295; x_wconf 92' lang='lat' dir='ltr'>tis</span> <span class='ocrx_word' id='word_1_19' title='bbox 420 256 548 296; x_wconf 91' lang='lat' dir='ltr'>esse</span> <span class='ocrx_word' id='word_1_20' title='bbox 602 237 798 311; x_wconf 92' lang='lat' dir='ltr'>coepit</span> <span class='ocrx_word' id='word_1_21' title='bbox 853 248 911 295; x_wconf 90' lang='lat' dir='ltr'>et</span> <span class='ocrx_word' id='word_1_22' title='bbox 965 236 1221 299; x_wconf 79' lang='lat' dir='ltr'>monitiS.</span> <span class='ocrx_word' id='word_1_23' title='bbox 1307 237 1381 295; x_wconf 90' lang='lat' dir='ltr'>de</span> <span class='ocrx_word' id='word_1_24' title='bbox 1430 255 1549 311; x_wconf 88' lang='lat' dir='ltr'>qua</span> <span class='ocrx_word' id='word_1_25' title='bbox 1591 238 1782 296; x_wconf 89' lang='lat' dir='ltr'>ferunt</span> <span class='ocrx_word' id='word_1_26' title='bbox 1829 236 1982 312; x_wconf 85' lang='lat' dir='ltr'>quia,</span> <span class='ocrx_word' id='word_1_27' title='bbox 2031 258 2103 299; x_wconf 86' lang='lat' dir='ltr'>ex</span> <span class='ocrx_word' id='word_1_28' title='bbox 2144 258 2265 313; x_wconf 91' lang='lat' dir='ltr'>quo</span> 
     </span>
     <span class='ocr_line' id='line_1_4' title="bbox 291 332 2266 416; baseline 0.002 -26"><span class='ocrx_word' id='word_1_29' title='bbox 291 332 707 416; x_wconf 88' lang='lat' dir='ltr'>monasterium</span> <span class='ocrx_word' id='word_1_30' title='bbox 741 332 924 408; x_wconf 92' lang='lat' dir='ltr'>petiit,</span> <span class='ocrx_word' id='word_1_31' title='bbox 960 351 1286 408; x_wconf 78' lang='lat' dir='ltr'>numquam</span> <span class='ocrx_word' id='word_1_32' title='bbox 1324 332 1492 391; x_wconf 89' lang='lat' dir='ltr'>lineis</span> <span class='ocrx_word' id='word_1_33' title='bbox 1530 334 1633 392; x_wconf 89' lang='lat' dir='ltr'>sed</span> <span class='ocrx_word' id='word_1_34' title='bbox 1663 336 1852 392; x_wconf 90' lang='lat' dir='ltr'>solum</span> <span class='ocrx_word' id='word_1_35' title='bbox 1882 334 2065 394; x_wconf 90' lang='lat' dir='ltr'>laneis</span> <span class='ocrx_word' id='word_1_36' title='bbox 2093 335 2266 403; x_wconf 86' lang='lat' dir='ltr'>uesti-</span> 
     </span>
     <span class='ocr_line' id='line_1_5' title="bbox 290 427 2266 511; baseline 0.003 -25"><span class='ocrx_word' id='word_1_37' title='bbox 290 427 506 487; x_wconf 86' lang='lat' dir='ltr'><strong>mentis</strong></span> <span class='ocrx_word' id='word_1_38' title='bbox 559 427 646 488; x_wconf 90' lang='lat' dir='ltr'>uti</span> <span class='ocrx_word' id='word_1_39' title='bbox 699 429 966 500; x_wconf 90' lang='lat' dir='ltr'>uoluerit,</span> <span class='ocrx_word' id='word_1_40' title='bbox 1024 448 1272 511; x_wconf 91' lang='lat' dir='ltr'>raroque</span> <span class='ocrx_word' id='word_1_41' title='bbox 1339 429 1395 488; x_wconf 90' lang='lat' dir='ltr'>in</span> <span class='ocrx_word' id='word_1_42' title='bbox 1464 430 1669 489; x_wconf 86' lang='lat' dir='ltr'><strong>calidis</strong></span> <span class='ocrx_word' id='word_1_43' title='bbox 1733 431 1974 504; x_wconf 82' lang='lat' dir='ltr'>balneiS,</span> <span class='ocrx_word' id='word_1_44' title='bbox 2038 444 2266 508; x_wconf 89' lang='lat' dir='ltr'>praeter</span> 
     </span>
     <span class='ocr_line' id='line_1_6' title="bbox 291 525 2366 611; baseline 0.003 -29"><span class='ocrx_word' id='word_1_45' title='bbox 291 525 711 585; x_wconf 88' lang='lat' dir='ltr'>inminentibus</span> <span class='ocrx_word' id='word_1_46' title='bbox 787 526 1106 585; x_wconf 88' lang='lat' dir='ltr'>sollemniis</span> <span class='ocrx_word' id='word_1_47' title='bbox 1168 525 1483 585; x_wconf 90' lang='lat' dir='ltr'>maioribus</span> <span class='ocrx_word' id='word_1_48' title='bbox 1537 526 1703 587; x_wconf 87' lang='lat' dir='ltr'>uerbi</span> <span class='ocrx_word' id='word_1_49' title='bbox 1764 528 1946 604; x_wconf 88' lang='lat' dir='ltr'>gratia</span> <span class='ocrx_word' id='word_1_50' title='bbox 2007 531 2262 604; x_wconf 80' lang='lat' dir='ltr'>paschae</span> <span class='ocrx_word' id='word_1_51' title='bbox 2335 552 2366 611; x_wconf 84' lang='lat'><strong>5</strong></span> 
     </span>
     <span class='ocr_line' id='line_1_7' title="bbox 290 621 2264 697; baseline 0.002 -18"><span class='ocrx_word' id='word_1_52' title='bbox 290 631 660 695; x_wconf 87' lang='lat' dir='ltr'>pentecostes</span> <span class='ocrx_word' id='word_1_53' title='bbox 705 621 1068 697; x_wconf 83' lang='lat' dir='ltr'>epiphaniae,</span> <span class='ocrx_word' id='word_1_54' title='bbox 1118 621 1302 680; x_wconf 88' lang='lat' dir='ltr'>lauari</span> <span class='ocrx_word' id='word_1_55' title='bbox 1345 623 1612 697; x_wconf 87' lang='lat' dir='ltr'>uoluerit,</span> <span class='ocrx_word' id='word_1_56' title='bbox 1660 634 1718 683; x_wconf 92' lang='lat' dir='ltr'>et</span> <span class='ocrx_word' id='word_1_57' title='bbox 1761 635 1905 684; x_wconf 89' lang='lat' dir='ltr'>tunc</span> <span class='ocrx_word' id='word_1_58' title='bbox 1944 624 2264 684; x_wconf 89' lang='lat' dir='ltr'>nouissima</span> 
     </span>
     <span class='ocr_line' id='line_1_8' title="bbox 293 714 2263 795; baseline 0.003 -21"><span class='ocrx_word' id='word_1_59' title='bbox 293 714 572 787; x_wconf 90' lang='lat' dir='ltr'>omnium,</span> <span class='ocrx_word' id='word_1_60' title='bbox 617 716 751 776; x_wconf 90' lang='lat' dir='ltr'>lotis</span> <span class='ocrx_word' id='word_1_61' title='bbox 787 718 946 792; x_wconf 90' lang='lat' dir='ltr'>prius</span> <span class='ocrx_word' id='word_1_62' title='bbox 988 737 1095 777; x_wconf 94' lang='lat' dir='ltr'>suo</span> <span class='ocrx_word' id='word_1_63' title='bbox 1144 736 1497 793; x_wconf 85' lang='lat' dir='ltr'>suarumque</span> <span class='ocrx_word' id='word_1_64' title='bbox 1540 719 1932 778; x_wconf 90' lang='lat' dir='ltr'>ministrarum</span> <span class='ocrx_word' id='word_1_65' title='bbox 1979 720 2263 795; x_wconf 87' lang='lat' dir='ltr'>obsequio</span> 
     </span>
     <span class='ocr_line' id='line_1_9' title="bbox 292 811 2264 890; baseline 0.003 -21"><span class='ocrx_word' id='word_1_66' title='bbox 292 811 499 870; x_wconf 89' lang='lat' dir='ltr'>ceteris</span> <span class='ocrx_word' id='word_1_67' title='bbox 527 831 676 887; x_wconf 89' lang='lat' dir='ltr'>quae</span> <span class='ocrx_word' id='word_1_68' title='bbox 705 812 787 872; x_wconf 91' lang='lat' dir='ltr'>ibi</span> <span class='ocrx_word' id='word_1_69' title='bbox 816 824 1011 872; x_wconf 90' lang='lat' dir='ltr'>essent</span> <span class='ocrx_word' id='word_1_70' title='bbox 1050 813 1282 871; x_wconf 91' lang='lat' dir='ltr'>famulis</span> <span class='ocrx_word' id='word_1_71' title='bbox 1328 812 1542 872; x_wconf 88' lang='lat' dir='ltr'>Christi</span> <span class='ocrx_word' id='word_1_72' title='bbox 1554 831 1573 884; x_wconf 78' lang='lat'><em>3</em></span> <span class='ocrx_word' id='word_1_73' title='bbox 1616 833 1745 873; x_wconf 88' lang='lat' dir='ltr'>raro</span> <span class='ocrx_word' id='word_1_74' title='bbox 1782 826 2009 890; x_wconf 90' lang='lat' dir='ltr'>praeter</span> <span class='ocrx_word' id='word_1_75' title='bbox 2044 815 2264 874; x_wconf 90' lang='lat' dir='ltr'>maiora</span> 
     </span>
     <span class='ocr_line' id='line_1_10' title="bbox 294 908 2265 987; baseline 0.002 -21"><span class='ocrx_word' id='word_1_76' title='bbox 294 909 599 968; x_wconf 85' lang='lat' dir='ltr'>sollemnia</span> <span class='ocrx_word' id='word_1_77' title='bbox 646 910 742 969; x_wconf 87' lang='lat' dir='ltr'>uel</span> <span class='ocrx_word' id='word_1_78' title='bbox 789 910 1060 969; x_wconf 88' lang='lat' dir='ltr'>artiorem</span> <span class='ocrx_word' id='word_1_79' title='bbox 1102 908 1511 969; x_wconf 88' lang='lat' dir='ltr'>necessitatem</span> <span class='ocrx_word' id='word_1_80' title='bbox 1542 910 1674 985; x_wconf 86' lang='lat' dir='ltr'>plus</span> <span class='ocrx_word' id='word_1_81' title='bbox 1713 929 1891 986; x_wconf 92' lang='lat' dir='ltr'>quam</span> <span class='ocrx_word' id='word_1_82' title='bbox 1936 912 2116 971; x_wconf 90' lang='lat' dir='ltr'>semel</span> <span class='ocrx_word' id='word_1_83' title='bbox 2159 930 2265 987; x_wconf 91' lang='lat' dir='ltr'>per</span> 
     </span>
     <span class='ocr_line' id='line_1_11' title="bbox 295 1003 2369 1081; baseline 0.004 -20"><span class='ocrx_word' id='word_1_84' title='bbox 295 1003 452 1062; x_wconf 90' lang='lat' dir='ltr'>diem</span> <span class='ocrx_word' id='word_1_85' title='bbox 492 1004 963 1077; x_wconf 81' lang='lat' dir='ltr'>manducauerit3</span> <span class='ocrx_word' id='word_1_86' title='bbox 1004 1023 1247 1080; x_wconf 92' lang='lat' dir='ltr'>semper,</span> <span class='ocrx_word' id='word_1_87' title='bbox 1296 1005 1343 1064; x_wconf 92' lang='lat' dir='ltr'>si</span> <span class='ocrx_word' id='word_1_88' title='bbox 1379 1025 1500 1063; x_wconf 91' lang='lat' dir='ltr'>non</span> <span class='ocrx_word' id='word_1_89' title='bbox 1542 1004 1843 1064; x_wconf 89' lang='lat' dir='ltr'>infirmitas</span> <span class='ocrx_word' id='word_1_90' title='bbox 1870 1005 2099 1081; x_wconf 86' lang='lat' dir='ltr'>grauior</span> <span class='ocrx_word' id='word_1_91' title='bbox 2136 1024 2263 1081; x_wconf 90' lang='lat' dir='ltr'>pro-</span> <span class='ocrx_word' id='word_1_92' title='bbox 2296 1031 2369 1068; x_wconf 75' lang='grc' dir='ltr'>ιο</span> 
     </span>
     <span class='ocr_line' id='line_1_12' title="bbox 294 1092 2268 1177; baseline 0.001 -19"><span class='ocrx_word' id='word_1_93' title='bbox 294 1100 593 1171; x_wconf 89' lang='lat' dir='ltr'>hibuisset,</span> <span class='ocrx_word' id='word_1_94' title='bbox 639 1120 711 1159; x_wconf 88' lang='lat' dir='ltr'>ex</span> <span class='ocrx_word' id='word_1_95' title='bbox 754 1111 1015 1175; x_wconf 87' lang='lat' dir='ltr'>tempore</span> <span class='ocrx_word' id='word_1_96' title='bbox 1059 1100 1378 1160; x_wconf 87' lang='lat' dir='ltr'>matutinae</span> <span class='ocrx_word' id='word_1_97' title='bbox 1416 1119 1697 1177; x_wconf 78' lang='lat' dir='ltr'>synaxeos</span> <span class='ocrx_word' id='word_1_98' title='bbox 1733 1120 1919 1176; x_wconf 90' lang='lat' dir='ltr'>usque</span> <span class='ocrx_word' id='word_1_99' title='bbox 1956 1102 2031 1160; x_wconf 91' lang='lat' dir='ltr'>ad</span> <span class='ocrx_word' id='word_1_100' title='bbox 2073 1092 2268 1160; x_wconf 44' lang='lat' dir='ltr'>ortum*</span> 
     </span>
     <span class='ocr_line' id='line_1_13' title="bbox 295 1194 2264 1272; baseline 0 -17"><span class='ocrx_word' id='word_1_101' title='bbox 295 1195 412 1255; x_wconf 89' lang='lat' dir='ltr'>diei</span> <span class='ocrx_word' id='word_1_102' title='bbox 439 1197 499 1253; x_wconf 91' lang='lat' dir='ltr'>in</span> <span class='ocrx_word' id='word_1_103' title='bbox 529 1194 774 1253; x_wconf 90' lang='lat' dir='ltr'>ecclesia</span> <span class='ocrx_word' id='word_1_104' title='bbox 799 1194 1066 1269; x_wconf 89' lang='lat' dir='ltr'>precibus</span> <span class='ocrx_word' id='word_1_105' title='bbox 1104 1194 1330 1254; x_wconf 88' lang='lat' dir='ltr'>intenta</span> <span class='ocrx_word' id='word_1_106' title='bbox 1368 1194 1693 1270; x_wconf 89' lang='lat' dir='ltr'>perstiterit.</span> <span class='ocrx_word' id='word_1_107' title='bbox 1781 1206 1915 1254; x_wconf 86' lang='lat' dir='ltr'>sunt</span> <span class='ocrx_word' id='word_1_108' title='bbox 1949 1195 2125 1254; x_wconf 90' lang='lat' dir='ltr'>etiam</span> <span class='ocrx_word' id='word_1_109' title='bbox 2162 1196 2264 1272; x_wconf 88' lang='lat' dir='ltr'>qui</span> 
     </span>
     <span class='ocr_line' id='line_1_14' title="bbox 296 1288 2264 1366; baseline -0.001 -17"><span class='ocrx_word' id='word_1_110' title='bbox 296 1290 492 1349; x_wconf 89' lang='lat' dir='ltr'>dicant</span> <span class='ocrx_word' id='word_1_111' title='bbox 520 1289 658 1365; x_wconf 90' lang='lat' dir='ltr'>quia</span> <span class='ocrx_word' id='word_1_112' title='bbox 682 1307 788 1365; x_wconf 90' lang='lat' dir='ltr'>per</span> <span class='ocrx_word' id='word_1_113' title='bbox 812 1288 1152 1365; x_wconf 88' lang='lat' dir='ltr'>prophetiae</span> <span class='ocrx_word' id='word_1_114' title='bbox 1181 1289 1447 1366; x_wconf 92' lang='lat' dir='ltr'>spiritum</span> <span class='ocrx_word' id='word_1_115' title='bbox 1478 1301 1536 1349; x_wconf 91' lang='lat' dir='ltr'>et</span> <span class='ocrx_word' id='word_1_116' title='bbox 1562 1290 1958 1365; x_wconf 88' lang='lat' dir='ltr'>pestilentiam</span> <span class='ocrx_word' id='word_1_117' title='bbox 1987 1310 2104 1366; x_wconf 90' lang='lat' dir='ltr'>qua</span> <span class='ocrx_word' id='word_1_118' title='bbox 2138 1291 2264 1365; x_wconf 90' lang='lat' dir='ltr'>ipsa</span> 
     </span>
     <span class='ocr_line' id='line_1_15' title="bbox 297 1384 2264 1462; baseline 0 -18"><span class='ocrx_word' id='word_1_119' title='bbox 297 1395 449 1445; x_wconf 90' lang='lat' dir='ltr'>esset</span> <span class='ocrx_word' id='word_1_120' title='bbox 488 1385 762 1443; x_wconf 90' lang='lat' dir='ltr'>moritura</span> <span class='ocrx_word' id='word_1_121' title='bbox 800 1385 1164 1460; x_wconf 87' lang='lat' dir='ltr'>praedixerit,</span> <span class='ocrx_word' id='word_1_122' title='bbox 1209 1397 1266 1446; x_wconf 92' lang='lat' dir='ltr'>et</span> <span class='ocrx_word' id='word_1_123' title='bbox 1304 1405 1611 1445; x_wconf 90' lang='lat' dir='ltr'>numerum</span> <span class='ocrx_word' id='word_1_124' title='bbox 1644 1405 1879 1462; x_wconf 90' lang='lat' dir='ltr'>quoque</span> <span class='ocrx_word' id='word_1_125' title='bbox 1917 1406 2133 1458; x_wconf 88' lang='lat' dir='ltr'>eorum,</span> <span class='ocrx_word' id='word_1_126' title='bbox 2164 1384 2264 1462; x_wconf 90' lang='lat' dir='ltr'>qui</span> 
     </span>
     <span class='ocr_line' id='line_1_16' title="bbox 297 1481 2263 1558; baseline -0.001 -15"><span class='ocrx_word' id='word_1_127' title='bbox 297 1484 373 1543; x_wconf 93' lang='lat' dir='ltr'>de</span> <span class='ocrx_word' id='word_1_128' title='bbox 410 1501 518 1541; x_wconf 90' lang='lat' dir='ltr'>suo</span> <span class='ocrx_word' id='word_1_129' title='bbox 554 1481 907 1541; x_wconf 89' lang='lat' dir='ltr'>monasterio</span> <span class='ocrx_word' id='word_1_130' title='bbox 954 1483 1093 1541; x_wconf 55' lang='lat' dir='ltr'>hac*</span> <span class='ocrx_word' id='word_1_131' title='bbox 1117 1493 1312 1541; x_wconf 90' lang='lat' dir='ltr'>essent</span> <span class='ocrx_word' id='word_1_132' title='bbox 1355 1483 1432 1541; x_wconf 91' lang='lat' dir='ltr'>de</span> <span class='ocrx_word' id='word_1_133' title='bbox 1478 1483 1703 1541; x_wconf 90' lang='lat' dir='ltr'>mundo</span> <span class='ocrx_word' id='word_1_134' title='bbox 1746 1482 2029 1558; x_wconf 88' lang='lat' dir='ltr'>rapiendi,</span> <span class='ocrx_word' id='word_1_135' title='bbox 2072 1485 2263 1558; x_wconf 90' lang='lat' dir='ltr'>palam</span> 
     </span>
     <span class='ocr_line' id='line_1_17' title="bbox 297 1568 2264 1655; baseline 0 -17"><span class='ocrx_word' id='word_1_136' title='bbox 297 1577 522 1638; x_wconf 90' lang='lat' dir='ltr'>cunctis</span> <span class='ocrx_word' id='word_1_137' title='bbox 558 1578 959 1653; x_wconf 90' lang='lat' dir='ltr'>praesentibus</span> <span class='ocrx_word' id='word_1_138' title='bbox 977 1568 1359 1638; x_wconf 55' lang='lat' dir='ltr'>&#39;intimauerit</span> <span class='ocrx_word' id='word_1_139' title='bbox 1444 1590 1609 1655; x_wconf 87' lang='lat' dir='ltr'>rapta</span> <span class='ocrx_word' id='word_1_140' title='bbox 1636 1589 1724 1638; x_wconf 92' lang='lat' dir='ltr'>est</span> <span class='ocrx_word' id='word_1_141' title='bbox 1751 1589 1949 1638; x_wconf 89' lang='lat' dir='ltr'>autem</span> <span class='ocrx_word' id='word_1_142' title='bbox 1977 1579 2051 1637; x_wconf 92' lang='lat' dir='ltr'>ad</span> <span class='ocrx_word' id='word_1_143' title='bbox 2080 1579 2264 1638; x_wconf 91' lang='lat' dir='ltr'>domi-</span> 
     </span>
     <span class='ocr_line' id='line_1_18' title="bbox 299 1672 2267 1749; baseline 0.001 -19"><span class='ocrx_word' id='word_1_144' title='bbox 299 1691 440 1730; x_wconf 86' lang='lat' dir='ltr'>num</span> <span class='ocrx_word' id='word_1_145' title='bbox 478 1672 538 1730; x_wconf 92' lang='lat' dir='ltr'>in</span> <span class='ocrx_word' id='word_1_146' title='bbox 583 1673 781 1731; x_wconf 89' lang='lat' dir='ltr'>medio</span> <span class='ocrx_word' id='word_1_147' title='bbox 825 1691 1062 1731; x_wconf 90' lang='lat' dir='ltr'>suorum</span> <span class='ocrx_word' id='word_1_148' title='bbox 1108 1683 1242 1749; x_wconf 93' lang='lat' dir='ltr'>post</span> <span class='ocrx_word' id='word_1_149' title='bbox 1290 1692 1480 1732; x_wconf 90' lang='lat' dir='ltr'>annos</span> <span class='ocrx_word' id='word_1_150' title='bbox 1525 1673 1608 1732; x_wconf 90' lang='lat' dir='ltr'>uii</span> <span class='ocrx_word' id='word_1_151' title='bbox 1656 1694 1729 1733; x_wconf 87' lang='lat' dir='ltr'>ex</span> <span class='ocrx_word' id='word_1_152' title='bbox 1776 1692 1895 1749; x_wconf 93' lang='lat' dir='ltr'>quo</span> <span class='ocrx_word' id='word_1_153' title='bbox 1940 1673 2267 1732; x_wconf 84' lang='lat' dir='ltr'>abbatissae</span> 
     </span>
     <span class='ocr_line' id='line_1_19' title="bbox 299 1769 2265 1846; baseline 0.001 -19"><span class='ocrx_word' id='word_1_154' title='bbox 299 1770 542 1844; x_wconf 83' lang='lat' dir='ltr'>gradum</span> <span class='ocrx_word' id='word_1_155' title='bbox 572 1781 921 1844; x_wconf 90' lang='lat' dir='ltr'>susceperat,</span> <span class='ocrx_word' id='word_1_156' title='bbox 952 1781 1009 1829; x_wconf 90' lang='lat' dir='ltr'>et</span> <span class='ocrx_word' id='word_1_157' title='bbox 1031 1789 1218 1846; x_wconf 90' lang='lat' dir='ltr'>aeque</span> <span class='ocrx_word' id='word_1_158' title='bbox 1239 1781 1305 1829; x_wconf 90' lang='lat' dir='ltr'>ut</span> <span class='ocrx_word' id='word_1_159' title='bbox 1331 1770 1457 1846; x_wconf 90' lang='lat' dir='ltr'>ipsa</span> <span class='ocrx_word' id='word_1_160' title='bbox 1485 1769 1743 1836; x_wconf 89' lang='lat' dir='ltr'>iusserat,</span> <span class='ocrx_word' id='word_1_161' title='bbox 1771 1789 1892 1828; x_wconf 90' lang='lat' dir='ltr'>non</span> <span class='ocrx_word' id='word_1_162' title='bbox 1920 1769 2058 1828; x_wconf 88' lang='lat' dir='ltr'>alibi</span> <span class='ocrx_word' id='word_1_163' title='bbox 2086 1789 2265 1845; x_wconf 92' lang='lat' dir='ltr'>quam</span> 
     </span>
     <span class='ocr_line' id='line_1_20' title="bbox 300 1864 2262 1941; baseline -0.001 -17"><span class='ocrx_word' id='word_1_164' title='bbox 300 1864 361 1924; x_wconf 91' lang='lat' dir='ltr'>in</span> <span class='ocrx_word' id='word_1_165' title='bbox 408 1865 606 1925; x_wconf 89' lang='lat' dir='ltr'>medio</span> <span class='ocrx_word' id='word_1_166' title='bbox 654 1883 872 1938; x_wconf 87' lang='lat' dir='ltr'>eorum,</span> <span class='ocrx_word' id='word_1_167' title='bbox 922 1864 1083 1925; x_wconf 88' lang='lat' dir='ltr'>iuxta</span> <span class='ocrx_word' id='word_1_168' title='bbox 1127 1864 1396 1925; x_wconf 91' lang='lat' dir='ltr'>ordinem</span> <span class='ocrx_word' id='word_1_169' title='bbox 1443 1885 1563 1941; x_wconf 91' lang='lat' dir='ltr'>quo</span> <span class='ocrx_word' id='word_1_170' title='bbox 1611 1864 1928 1939; x_wconf 86' lang='lat' dir='ltr'>transierat,</span> <span class='ocrx_word' id='word_1_171' title='bbox 1964 1864 2159 1941; x_wconf 88' lang='lat' dir='ltr'>ligneo</span> <span class='ocrx_word' id='word_1_172' title='bbox 2201 1864 2262 1923; x_wconf 90' lang='lat' dir='ltr'>in</span> 
     </span>
     <span class='ocr_line' id='line_1_21' title="bbox 301 1960 2368 2040; baseline 0.002 -24"><span class='ocrx_word' id='word_1_173' title='bbox 301 1960 511 2019; x_wconf 92' lang='lat' dir='ltr'>locello</span> <span class='ocrx_word' id='word_1_174' title='bbox 540 1962 780 2036; x_wconf 86' lang='lat' dir='ltr'>sepulta.</span> <span class='ocrx_word' id='word_1_175' title='bbox 2182 2033 2187 2040; x_wconf 19' lang='grc' dir='ltr'><strong>ς</strong></span> <span class='ocrx_word' id='word_1_176' title='bbox 2294 1983 2368 2020; x_wconf 87' lang='lat'>20</span> 
     </span>
    </p>

    <p class='ocr_par' dir='ltr' id='par_1_3' title="bbox 302 2054 2553 3182">
     <span class='ocr_line' id='line_1_22' title="bbox 421 2054 2268 2116; baseline -0.001 0"><span class='ocrx_word' id='word_1_177' title='bbox 421 2054 537 2116; x_wconf 90' lang='lat' dir='ltr'>Cui</span> <span class='ocrx_word' id='word_1_178' title='bbox 578 2055 856 2115; x_wconf 87' lang='lat' dir='ltr'>successit</span> <span class='ocrx_word' id='word_1_179' title='bbox 889 2054 949 2114; x_wconf 91' lang='lat' dir='ltr'>in</span> <span class='ocrx_word' id='word_1_180' title='bbox 992 2054 1375 2115; x_wconf 89' lang='lat' dir='ltr'>ministerium</span> <span class='ocrx_word' id='word_1_181' title='bbox 1414 2055 1744 2115; x_wconf 89' lang='lat' dir='ltr'>abbatissae</span> <span class='ocrx_word' id='word_1_182' title='bbox 1781 2073 1942 2114; x_wconf 88' lang='lat' dir='ltr'>soror</span> <span class='ocrx_word' id='word_1_183' title='bbox 1975 2054 2098 2114; x_wconf 90' lang='lat' dir='ltr'>eius</span> <span class='ocrx_word' id='word_1_184' title='bbox 2136 2056 2268 2115; x_wconf 87' lang='lat' dir='ltr'>Sex-</span> 
     </span>
     <span class='ocr_line' id='line_1_23' title="bbox 303 2149 2270 2226; baseline 0 -16"><span class='ocrx_word' id='word_1_185' title='bbox 303 2151 464 2226; x_wconf 85' lang='lat' dir='ltr'>burg,</span> <span class='ocrx_word' id='word_1_186' title='bbox 495 2170 671 2226; x_wconf 88' lang='lat' dir='ltr'>quam</span> <span class='ocrx_word' id='word_1_187' title='bbox 699 2152 979 2209; x_wconf 87' lang='lat' dir='ltr'>habuerat</span> <span class='ocrx_word' id='word_1_188' title='bbox 1006 2150 1067 2208; x_wconf 93' lang='lat' dir='ltr'>in</span> <span class='ocrx_word' id='word_1_189' title='bbox 1096 2149 1408 2225; x_wconf 86' lang='lat' dir='ltr'>coniugem</span> <span class='ocrx_word' id='word_1_190' title='bbox 1446 2153 1842 2210; x_wconf 88' lang='lat' dir='ltr'>Earconberct</span> <span class='ocrx_word' id='word_1_191' title='bbox 1877 2169 1978 2209; x_wconf 87' lang='lat' dir='ltr'>rex</span> <span class='ocrx_word' id='word_1_192' title='bbox 2020 2152 2270 2210; x_wconf 90' lang='lat' dir='ltr'>Cantua·</span> 
     </span>
     <span class='ocr_line' id='line_1_24' title="bbox 302 2245 2552 2332; baseline 0.001 -29"><span class='ocrx_word' id='word_1_193' title='bbox 302 2245 533 2306; x_wconf 86' lang='lat' dir='ltr'>riorum.</span> <span class='ocrx_word' id='word_1_194' title='bbox 618 2256 675 2305; x_wconf 92' lang='lat' dir='ltr'>et</span> <span class='ocrx_word' id='word_1_195' title='bbox 703 2255 839 2303; x_wconf 86' lang='lat' dir='ltr'>cum</span> <span class='ocrx_word' id='word_1_196' title='bbox 868 2245 1124 2305; x_wconf 89' lang='lat' dir='ltr'>sedecim</span> <span class='ocrx_word' id='word_1_197' title='bbox 1152 2245 1321 2304; x_wconf 91' lang='lat' dir='ltr'>annis</span> <span class='ocrx_word' id='word_1_198' title='bbox 1349 2255 1502 2305; x_wconf 92' lang='lat' dir='ltr'>esset</span> <span class='ocrx_word' id='word_1_199' title='bbox 1540 2247 1780 2321; x_wconf 88' lang='lat' dir='ltr'>sepulta,</span> <span class='ocrx_word' id='word_1_200' title='bbox 1818 2245 2041 2321; x_wconf 92' lang='lat' dir='ltr'>placuit</span> <span class='ocrx_word' id='word_1_201' title='bbox 2077 2245 2269 2305; x_wconf 91' lang='lat' dir='ltr'>eidem</span> <span class='ocrx_word' id='word_1_202' title='bbox 2551 2255 2552 2332; x_wconf 38' lang='grc' dir='ltr'><strong>χ</strong></span> 
     </span>
     <span class='ocr_line' id='line_1_25' title="bbox 303 2336 2552 2420; baseline -0 -19"><span class='ocrx_word' id='word_1_203' title='bbox 303 2340 629 2401; x_wconf 90' lang='lat' dir='ltr'>abbatissae</span> <span class='ocrx_word' id='word_1_204' title='bbox 674 2339 852 2399; x_wconf 88' lang='lat' dir='ltr'>leuari</span> <span class='ocrx_word' id='word_1_205' title='bbox 894 2360 1028 2399; x_wconf 87' lang='lat' dir='ltr'>ossa</span> <span class='ocrx_word' id='word_1_206' title='bbox 1081 2340 1204 2400; x_wconf 89' lang='lat' dir='ltr'>eius</span> <span class='ocrx_word' id='word_1_207' title='bbox 1259 2351 1322 2401; x_wconf 87' lang='lat' dir='ltr'>et</span> <span class='ocrx_word' id='word_1_208' title='bbox 1371 2340 1433 2399; x_wconf 92' lang='lat' dir='ltr'>in</span> <span class='ocrx_word' id='word_1_209' title='bbox 1485 2336 1699 2399; x_wconf 85' lang='lat' dir='ltr'>locello</span> <span class='ocrx_word' id='word_1_210' title='bbox 1751 2360 1910 2400; x_wconf 92' lang='lat' dir='ltr'>nouo</span> <span class='ocrx_word' id='word_1_211' title='bbox 1964 2340 2157 2417; x_wconf 88' lang='lat' dir='ltr'>posita</span> <span class='ocrx_word' id='word_1_212' title='bbox 2209 2341 2271 2400; x_wconf 91' lang='lat' dir='ltr'>in</span> <span class='ocrx_word' id='word_1_213' title='bbox 2551 2402 2552 2420; x_wconf 13' lang='grc' dir='ltr'>χ</span> 
     </span>
     <span class='ocr_line' id='line_1_26' title="bbox 305 2434 2552 2513; baseline 0 -20"><span class='ocrx_word' id='word_1_214' title='bbox 305 2435 612 2494; x_wconf 90' lang='lat' dir='ltr'>ecclesiam</span> <span class='ocrx_word' id='word_1_215' title='bbox 639 2434 945 2507; x_wconf 88' lang='lat' dir='ltr'>transferri,</span> <span class='ocrx_word' id='word_1_216' title='bbox 975 2434 1254 2510; x_wconf 89' lang='lat' dir='ltr'>iussitque</span> <span class='ocrx_word' id='word_1_217' title='bbox 1291 2434 1581 2511; x_wconf 89' lang='lat' dir='ltr'>quosdam</span> <span class='ocrx_word' id='word_1_218' title='bbox 1616 2455 1651 2494; x_wconf 90' lang='lat' dir='ltr'>e</span> <span class='ocrx_word' id='word_1_219' title='bbox 1686 2434 1955 2494; x_wconf 87' lang='lat' dir='ltr'>fratribus</span> <span class='ocrx_word' id='word_1_220' title='bbox 1996 2453 2271 2512; x_wconf 90' lang='lat' dir='ltr'>quaerere</span> <span class='ocrx_word' id='word_1_221' title='bbox 2300 2458 2328 2494; x_wconf 86' lang='lat'>2</span> <span class='ocrx_word' id='word_1_222' title='bbox 2339 2456 2368 2513; x_wconf 91' lang='lat'><strong>5</strong></span> <span class='ocrx_word' id='word_1_223' title='bbox 2547 2439 2552 2504; x_wconf 59' lang='lat' dir='ltr'>l</span> 
     </span>
     <span class='ocr_line' id='line_1_27' title="bbox 306 2530 2274 2607; baseline 0.001 -19"><span class='ocrx_word' id='word_1_224' title='bbox 306 2531 580 2607; x_wconf 91' lang='lat' dir='ltr'>lapidem,</span> <span class='ocrx_word' id='word_1_225' title='bbox 601 2532 676 2590; x_wconf 90' lang='lat' dir='ltr'>de</span> <span class='ocrx_word' id='word_1_226' title='bbox 705 2549 824 2607; x_wconf 93' lang='lat' dir='ltr'>quo</span> <span class='ocrx_word' id='word_1_227' title='bbox 852 2531 1127 2589; x_wconf 92' lang='lat' dir='ltr'>locellum</span> <span class='ocrx_word' id='word_1_228' title='bbox 1155 2531 1216 2589; x_wconf 91' lang='lat' dir='ltr'>in</span> <span class='ocrx_word' id='word_1_229' title='bbox 1243 2532 1358 2589; x_wconf 92' lang='lat' dir='ltr'>hoc</span> <span class='ocrx_word' id='word_1_230' title='bbox 1385 2532 1572 2589; x_wconf 90' lang='lat' dir='ltr'>facere</span> <span class='ocrx_word' id='word_1_231' title='bbox 1591 2541 1850 2606; x_wconf 89' lang='lat' dir='ltr'>possent.</span> <span class='ocrx_word' id='word_1_232' title='bbox 1910 2530 2013 2607; x_wconf 91' lang='lat' dir='ltr'>qui</span> <span class='ocrx_word' id='word_1_233' title='bbox 2033 2550 2274 2590; x_wconf 90' lang='lat' dir='ltr'>ascensa</span> 
     </span>
     <span class='ocr_line' id='line_1_28' title="bbox 307 2624 2552 2708; baseline 0.001 -25"><span class='ocrx_word' id='word_1_234' title='bbox 307 2625 460 2698; x_wconf 89' lang='lat' dir='ltr'>naui,</span> <span class='ocrx_word' id='word_1_235' title='bbox 492 2624 619 2701; x_wconf 89' lang='lat' dir='ltr'>ipsa</span> <span class='ocrx_word' id='word_1_236' title='bbox 645 2625 803 2683; x_wconf 91' lang='lat' dir='ltr'>enim</span> <span class='ocrx_word' id='word_1_237' title='bbox 841 2625 1000 2700; x_wconf 87' lang='lat' dir='ltr'>regio</span> <span class='ocrx_word' id='word_1_238' title='bbox 1035 2627 1181 2701; x_wconf 87' lang='lat' dir='ltr'>Elge</span> <span class='ocrx_word' id='word_1_239' title='bbox 1217 2625 1481 2700; x_wconf 88' lang='lat' dir='ltr'>undique</span> <span class='ocrx_word' id='word_1_240' title='bbox 1520 2636 1609 2684; x_wconf 89' lang='lat' dir='ltr'>est</span> <span class='ocrx_word' id='word_1_241' title='bbox 1646 2624 1814 2700; x_wconf 92' lang='lat' dir='ltr'>aquis</span> <span class='ocrx_word' id='word_1_242' title='bbox 1850 2644 1922 2683; x_wconf 90' lang='lat' dir='ltr'>ac</span> <span class='ocrx_word' id='word_1_243' title='bbox 1956 2625 2273 2702; x_wconf 89' lang='lat' dir='ltr'>paludibus</span> <span class='ocrx_word' id='word_1_244' title='bbox 2550 2631 2552 2708; x_wconf 63' lang='grc'><strong>4</strong></span> 
     </span>
     <span class='ocr_line' id='line_1_29' title="bbox 307 2719 2553 2820; baseline -0 -42"><span class='ocrx_word' id='word_1_245' title='bbox 307 2720 665 2779; x_wconf 90' lang='lat' dir='ltr'>circumdata</span> <span class='ocrx_word' id='word_1_246' title='bbox 690 2739 880 2796; x_wconf 89' lang='lat' dir='ltr'>neque</span> <span class='ocrx_word' id='word_1_247' title='bbox 908 2719 1134 2796; x_wconf 89' lang='lat' dir='ltr'>lapides</span> <span class='ocrx_word' id='word_1_248' title='bbox 1161 2720 1412 2779; x_wconf 90' lang='lat' dir='ltr'>maiores</span> <span class='ocrx_word' id='word_1_249' title='bbox 1438 2720 1631 2791; x_wconf 88' lang='lat' dir='ltr'>habet,</span> <span class='ocrx_word' id='word_1_250' title='bbox 1661 2730 1951 2779; x_wconf 90' lang='lat' dir='ltr'>uenerunt</span> <span class='ocrx_word' id='word_1_251' title='bbox 1978 2720 2055 2779; x_wconf 89' lang='lat' dir='ltr'>ad</span> <span class='ocrx_word' id='word_1_252' title='bbox 2076 2719 2274 2779; x_wconf 88' lang='lat' dir='ltr'>ciuita-</span> <span class='ocrx_word' id='word_1_253' title='bbox 2539 2732 2553 2820; x_wconf 47' lang='grc' dir='ltr'><strong>ε</strong></span> 
     </span>
     <span class='ocr_line' id='line_1_30' title="bbox 310 2815 2273 2893; baseline -0.001 -18"><span class='ocrx_word' id='word_1_254' title='bbox 310 2818 492 2875; x_wconf 89' lang='lat' dir='ltr'>tulam</span> <span class='ocrx_word' id='word_1_255' title='bbox 547 2817 842 2893; x_wconf 82' lang='lat' dir='ltr'>quandam</span> <span class='ocrx_word' id='word_1_256' title='bbox 897 2818 1218 2876; x_wconf 89' lang='lat' dir='ltr'>desolatam</span> <span class='ocrx_word' id='word_1_257' title='bbox 1273 2835 1395 2875; x_wconf 92' lang='lat' dir='ltr'>non</span> <span class='ocrx_word' id='word_1_258' title='bbox 1447 2817 1652 2892; x_wconf 91' lang='lat' dir='ltr'>procul</span> <span class='ocrx_word' id='word_1_259' title='bbox 1699 2815 1839 2875; x_wconf 89' lang='lat' dir='ltr'>inde</span> <span class='ocrx_word' id='word_1_260' title='bbox 1883 2816 2071 2888; x_wconf 91' lang='lat' dir='ltr'>sitam,</span> <span class='ocrx_word' id='word_1_261' title='bbox 2121 2834 2273 2890; x_wconf 90' lang='lat' dir='ltr'>quae</span> 
     </span>
     <span class='ocr_line' id='line_1_31' title="bbox 308 2909 2373 2993; baseline -0 -23"><span class='ocrx_word' id='word_1_262' title='bbox 308 2913 509 2987; x_wconf 87' lang='lat' dir='ltr'>lingua</span> <span class='ocrx_word' id='word_1_263' title='bbox 533 2913 860 2988; x_wconf 90' lang='lat' dir='ltr'>Anglorum</span> <span class='ocrx_word' id='word_1_264' title='bbox 893 2910 1326 2971; x_wconf 87' lang='lat' dir='ltr'>Grantacaestir</span> <span class='ocrx_word' id='word_1_265' title='bbox 1351 2921 1619 2970; x_wconf 86' lang='lat' dir='ltr'>uocatur:</span> <span class='ocrx_word' id='word_1_266' title='bbox 1662 2921 1722 2971; x_wconf 86' lang='lat' dir='ltr'>et</span> <span class='ocrx_word' id='word_1_267' title='bbox 1753 2929 1892 2969; x_wconf 87' lang='lat' dir='ltr'>mox</span> <span class='ocrx_word' id='word_1_268' title='bbox 1927 2909 2272 2969; x_wconf 87' lang='lat' dir='ltr'>inuenerunt</span> <span class='ocrx_word' id='word_1_269' title='bbox 2297 2939 2373 2993; x_wconf 89' lang='lat'>30</span> 
     </span>
     <span class='ocr_line' id='line_1_32' title="bbox 310 3006 2273 3082; baseline 0.001 -17"><span class='ocrx_word' id='word_1_270' title='bbox 310 3008 470 3067; x_wconf 85' lang='lat' dir='ltr'>iuxta</span> <span class='ocrx_word' id='word_1_271' title='bbox 494 3027 694 3068; x_wconf 89' lang='lat' dir='ltr'>muros</span> <span class='ocrx_word' id='word_1_272' title='bbox 721 3008 973 3068; x_wconf 88' lang='lat' dir='ltr'>ciuitatis</span> <span class='ocrx_word' id='word_1_273' title='bbox 999 3010 1273 3068; x_wconf 89' lang='lat' dir='ltr'>locellum</span> <span class='ocrx_word' id='word_1_274' title='bbox 1302 3009 1378 3067; x_wconf 92' lang='lat' dir='ltr'>de</span> <span class='ocrx_word' id='word_1_275' title='bbox 1406 3026 1691 3067; x_wconf 90' lang='lat' dir='ltr'>marmore</span> <span class='ocrx_word' id='word_1_276' title='bbox 1726 3008 1862 3067; x_wconf 92' lang='lat' dir='ltr'>albo</span> <span class='ocrx_word' id='word_1_277' title='bbox 1888 3006 2273 3082; x_wconf 87' lang='lat' dir='ltr'>pulcherrime</span> 
     </span>
     <span class='ocr_line' id='line_1_33' title="bbox 311 3100 2269 3182; baseline -0.001 -20"><span class='ocrx_word' id='word_1_278' title='bbox 311 3104 547 3180; x_wconf 80' lang='lat' dir='ltr'>factum,</span> <span class='ocrx_word' id='word_1_279' title='bbox 591 3106 870 3182; x_wconf 85' lang='lat' dir='ltr'>operculo</span> <span class='ocrx_word' id='word_1_280' title='bbox 915 3123 1153 3182; x_wconf 88' lang='lat' dir='ltr'>quoque</span> <span class='ocrx_word' id='word_1_281' title='bbox 1199 3103 1402 3163; x_wconf 89' lang='lat' dir='ltr'>similis</span> <span class='ocrx_word' id='word_1_282' title='bbox 1447 3103 1658 3181; x_wconf 88' lang='lat' dir='ltr'>lapidis</span> <span class='ocrx_word' id='word_1_283' title='bbox 1700 3100 2000 3180; x_wconf 87' lang='lat' dir='ltr'>aptissime</span> <span class='ocrx_word' id='word_1_284' title='bbox 2036 3111 2269 3162; x_wconf 84' lang='lat' dir='ltr'>tectum.</span> 
     </span>
    </p>
   </div>
   <div class='ocr_carea' id='block_1_3' title="bbox 2547 2967 2553 3310">
    <p class='ocr_par' dir='ltr' id='par_1_4' title="bbox 2547 2967 2553 3310">
     <span class='ocr_line' id='line_1_34' title="bbox 2547 2967 2553 3310; baseline 0 440"><span class='ocrx_word' id='word_1_285' title='bbox 2547 2967 2553 3310; x_wconf 95' lang='lat' dir='ltr'> </span> 
     </span>
    </p>
   </div>
   <div class='ocr_carea' id='block_1_4' title="bbox 1097 3229 2553 3376">
    <p class='ocr_par' dir='ltr' id='par_1_5' title="bbox 1097 3229 2553 3376">
     <span class='ocr_line' id='line_1_35' title="bbox 1097 3229 1501 3284; baseline 0.007 -3"><span class='ocrx_word' id='word_1_286' title='bbox 1097 3229 1119 3265; x_wconf 80' lang='lat'><strong>⁶</strong></span> <span class='ocrx_word' id='word_1_287' title='bbox 1150 3234 1391 3284; x_wconf 76' lang='lat' dir='ltr'>sollemnis</span> <span class='ocrx_word' id='word_1_288' title='bbox 1412 3249 1501 3284; x_wconf 75' lang='lat' dir='ltr'>ms-</span> 
     </span>
     <span class='ocr_line' id='line_1_36' title="bbox 2533 3329 2553 3376; baseline 0 -3"><span class='ocrx_word' id='word_1_289' title='bbox 2533 3329 2553 3376; x_wconf 62' lang='grc' dir='ltr'><strong><em>ὲ</em></strong></span> 
     </span>
    </p>
   </div>
   <div class='ocr_carea' id='block_1_5' title="bbox 345 3379 2553 3750">
    <p class='ocr_par' dir='ltr' id='par_1_6' title="bbox 345 3379 2553 3750">
     <span class='ocr_line' id='line_1_37' title="bbox 345 3379 2553 3750; baseline 0 0"><span class='ocrx_word' id='word_1_290' title='bbox 345 3379 2553 3750; x_wconf 70' lang='lat' dir='ltr'>n—-l</span> 
     </span>
    </p>
   </div>
   <div class='ocr_carea' id='block_1_6' title="bbox 344 3566 2554 3744">
    <p class='ocr_par' dir='ltr' id='par_1_7' title="bbox 344 3566 2554 3744">
     <span class='ocr_line' id='line_1_38' title="bbox 344 3566 2554 3744; baseline 0 0"><span class='ocrx_word' id='word_1_291' title='bbox 344 3566 345 3744; x_wconf 95' lang='lat' dir='ltr'> </span> <span class='ocrx_word' id='word_1_292' title='bbox 2553 3566 2554 3744; x_wconf 95' lang='lat' dir='ltr'> </span> 
     </span>
    </p>
   </div>
  </div>
 </body>
</html>
