2567 3750
323 57 636 140 (25)=23]
791 77 1137 126 BURNJNG
1180 76 1279 124 <w
1316 76 1601 127 COLUDI
1640 77 1835 128 URBS.
1897 104 1919 129 ,-
2187 77 2295 139 145

322 202 517 264 illam?
598 214 658 262 et
690 203 926 280 signans
967 224 1031 264 se
1065 204 1233 280 signo
1271 214 1509 265 sanctae
1546 204 1735 264 crucis
1771 204 2075 265 reclinauit
2122 217 2303 281 caput

322 298 399 357 ad
427 299 693 371 ceruical,
724 298 1144 375 modicumque
1173 299 1554 359 obdormiens
1581 298 1664 358 ita
1690 318 1827 358 cum
1857 299 2089 359 silentio
2117 287 2301 359 uitam

321 394 525 454 finiuit.
612 394 814 471 sicque
861 396 1081 454 factum
1128 406 1217 456 est
1263 405 1347 468 ut,
1397 397 1703 471 quomodo
1747 395 1998 472 simplici
2041 416 2114 455 ac
2154 416 2300 473 pura

323 499 519 549 mente
561 490 990 566 tranquillaque
1037 489 1357 550 deuotione
1395 489 1639 550 domino
1676 489 1968 563 seruierat,
2003 489 2087 549 ita
2122 490 2299 550 etiam

263 600 293 656 5
323 585 631 661 tranquilla
656 596 843 646 morte
871 586 1161 645 mundum
1187 585 1523 663 relinquens
1550 587 1630 645 ad
1658 585 1782 645 eius
1809 585 2099 645 uisionem
2135 586 2296 644 ueni-

319 690 406 739 ret
432 680 650 757 illaque
676 681 890 758 lingua,
931 701 1083 758 quae
1121 692 1207 742 tot
1235 681 1507 741 salutaria
1534 682 1717 742 uerba
1741 681 1806 741 in
1832 683 2070 741 laudem
2099 683 2300 742 condi-

319 774 460 834 toris
503 787 930 852 composuerat,
968 776 1176 835 ultima
1212 795 1452 853 quoque
1499 777 1680 836 uerba
1729 777 1793 836 in
1834 779 2072 837 laudern
2116 776 2297 853 ipsius

321 867 609 946 signando
638 890 766 930 sese
795 880 853 930 et
881 869 1146 947 spiritum
1165 872 1420 930 suumin
1441 890 1650 930 manus
1671 870 1796 930 eius
1818 872 2297 931 commendando

322 967 651 1027 clauderet:
693 966 795 1043 qui
839 967 1015 1027 etiam
1058 969 1353 1043 praescius
1401 968 1492 1028 sui
1540 967 1736 1027 obitus
1780 967 2038 1028 extitisse
2086 987 2161 1027 ex
2208 967 2298 1027 his

227 1078 296 1117 10
322 1078 472 1136 quae
499 1061 864 1120 narrauimus
892 1060 1139 1121 uidetur.

1199 1276 1426 1361 [xxv]

335 1424 458 1548 H
475 1427 548 1485 IS
610 1426 970 1503 temporibus
1035 1426 1458 1487 monasterium
1511 1425 1803 1511 uirginum
1859 1427 2023 1503 quod
2080 1426 2298 1487 Coludi

540 1522 762 1582 Vrbem
800 1522 1240 1598 cognominant,
1281 1521 1448 1581 cuius
1478 1533 1537 1581 et
1564 1541 1739 1598 supra
1775 1521 2164 1594 meminimuS,
2194 1541 2299 1597 per

319 1617 555 1692 culpam
609 1615 866 1676 incuriae
919 1616 1170 1676 flammis
1223 1618 1561 1677 absumtum
1616 1627 1719 1677 est.
1806 1618 1969 1693 quod
2016 1629 2216 1677 tamen
2261 1637 2299 1676 a

231 1727 293 1785 15
321 1710 538 1770 malitia
554 1710 1008 1770 inhabitantium
1034 1711 1098 1770 in
1125 1731 1216 1785 eo,
1241 1723 1301 1772 et
1322 1711 1634 1788 praecipue
1660 1711 1892 1775 illorum
1920 1711 2022 1788 qui
2049 1711 2298 1771 maiores

320 1827 448 1868 esse
502 1809 869 1881 uidebantur,
926 1807 1257 1885 contigisse,
1316 1827 1524 1868 omnes
1578 1807 1681 1885 qui
1733 1827 1954 1867 nouere
2024 1806 2298 1866 facillime

317 1915 632 1979 potuerunt
672 1905 994 1964 aduertere.
1079 1905 1185 1964 sed
1221 1922 1346 1963 non
1379 1901 1564 1962 defuit
1604 1902 1919 1979 puniendis
1968 1903 2295 1962 admonitio

302 1999 553 2059 'diuinae
605 1999 856 2076 pietatiS,
904 2019 1022 2076 qua
1074 1999 1320 2060 correcti
1365 2019 1472 2076 per
1513 1998 1731 2060 ieiunia
1771 2001 1941 2060 fletus
1991 2011 2050 2059 et
2093 2020 2297 2076 preces

319 2094 461 2153 iram
489 2116 527 2155 a
552 2114 616 2155 se
642 2095 825 2155 instar
851 2094 1265 2156 Nineuitarum
1292 2094 1429 2155 iusti
1455 2095 1667 2155 iudicis
1693 2108 2036 2156 auerterent.

229 2211 298 2248 20
439 2192 580 2248 Erat
614 2208 874 2265 namque
911 2190 974 2248 in
1015 2191 1229 2250 eodem
1265 2190 1621 2250 monasterio
1657 2190 1747 2250 uir
1782 2192 1859 2251 de
1890 2210 2104 2267 genere
2137 2192 2301 2250 Scot-

319 2295 512 2344 torum
549 2287 938 2345 Adamnanus
973 2288 1286 2359 uocabu10,
1324 2288 1548 2346 ducens
1592 2286 1775 2346 uitam
1824 2286 1887 2346 in
1930 2285 2298 2345 continentia

320 2392 378 2440 et
405 2382 767 2443 orationibus
794 2386 1045 2443 multum
1073 2385 1188 2444 deo
1217 2386 1516 2458 deuotam,
1545 2384 1628 2443 ita
1653 2395 1720 2443 ut
1746 2383 1831 2443 nil
1866 2402 2148 2459 umquam
2181 2382 2297 2443 cibi

317 2477 414 2534 uel
439 2486 617 2551 potus
646 2488 892 2554 excepta
917 2478 1016 2539 die
1045 2478 1345 2539 dominica
1372 2491 1431 2538 et
1458 2477 1663 2554 quinta
1699 2477 1926 2538 sabbati
1952 2476 2295 2553 perciperet,

320 2590 495 2647 saepe
523 2584 721 2633 autem
747 2586 954 2635 noctes
980 2575 1234 2651 integras
1259 2575 1507 2652 peruigil
1541 2575 1604 2635 in
1623 2575 1901 2642 oratione
1934 2575 2291 2652 transigeret.

229 2684 258 2724 2
264 2680 294 2741 5
319 2686 471 2743 quae
509 2669 752 2744 quidem
782 2669 868 2730 illi
908 2670 1193 2731 districtio
1230 2670 1391 2731 uitae
1425 2667 1664 2731 artioris
1698 2670 1888 2747 primo
1926 2690 2001 2730 ex
2045 2669 2296 2729 necessi-

319 2773 440 2823 tate
481 2766 888 2827 emendandae
929 2785 1068 2827 suae
1099 2766 1401 2843 prauitatis
1437 2768 1776 2841 obuenerat,
1806 2767 1912 2827 sed
1938 2768 2298 2843 procedente

320 2871 585 2935 tempore
611 2862 1022 2922 necessitatem
1049 2862 1112 2921 in
1139 2862 1629 2923 consuetudinem
1657 2873 1925 2932 uerterat.

440 2955 744 3033 Siquidem
769 2957 834 3016 in
858 2957 1260 3019 adulescentia
1285 2977 1395 3017 sua
1408 2958 1642 3017 sceleris
1663 2957 1885 3033 aliquid
1906 2956 2296 3030 commiserat,

321 3052 485 3126 quod
512 3051 892 3111 commissum
916 3053 1019 3112 ubi
1045 3055 1126 3113 ad
1161 3073 1264 3113 cor
1303 3071 1475 3112 suum
1511 3051 1684 3112 rediit
1717 3050 2058 3129 grauissime
2098 3053 2301 3110 exhor-

226 3167 299 3223 3ο
321 3148 450 3222 ruit,
489 3159 551 3209 et
582 3167 647 3210 se
687 3166 797 3226 pro
837 3148 944 3210 illo
989 3149 1356 3227 puniendum
1401 3167 1440 3209 a
1481 3148 1745 3209 districto
1793 3147 1989 3208 iudice
2033 3147 2294 3207 timebat.

1101 3269 1144 3301 ¹1
1174 3241 1387 3320 ΧΧΠ]
1410 3285 1499 3320 ms.

485 3394 535 3435 Β.
2070 3390 2140 3428 10
