2567 3750
216 200 292 272 36
706 212 897 260 MIRA
908 211 1088 260 διες
1124 212 1172 259 Α
1187 212 1238 259 Τ
1278 212 1431 260 THE
1472 211 1610 260 PLA
1620 210 1714 259 CE
2066 190 2193 273 [ΙΙΙ

339 342 521 402 Cuius
564 353 786 417 quanta
821 340 911 399 uis
952 340 1014 399 in
1056 342 1235 400 deum
1274 361 1427 416 quae
1468 340 1712 400 deuotio
1751 339 1968 400 mentis
2006 339 2194 414 fuerit,

218 438 397 497 etiam
434 448 570 513 post
610 449 860 496 mortem
898 436 1178 495 uirtutum
1214 437 1507 496 miraculis
1545 436 1763 499 claruit.
1850 455 2108 512 namque
2132 435 2198 496 in

216 534 351 591 loco
379 533 481 590 ubi
509 552 615 609 pro
643 534 829 608 patria
856 531 1143 592 dimicans
1171 552 1208 590 a
1234 532 1478 608 paganis
1510 532 1844 591 interfectus
1873 542 1979 604 est,
2009 550 2198 607 usque

216 627 395 686 hodie
440 628 719 689 sanitates
762 627 1127 688 infirmorum
1177 639 1235 687 et
1282 627 1588 688 hominum
1633 639 1692 688 et
1733 647 2013 704 pecorum
2052 631 2200 688 cele-

217 722 371 783 brari
408 743 532 783 non
570 724 861 783 desinunt.
945 726 1107 784 unde
1145 725 1390 801 contigit
1423 736 1488 785 ut
1524 727 1826 801 puluerem
1863 725 2059 803 ipsum
2096 725 2198 786 ubi
2269 729 2306 789 5

217 838 433 895 corpus
471 818 595 879 eius
623 819 679 878 in
723 832 934 880 terram
971 822 1204 881 conruit
1238 821 1409 880 multi
1445 823 1774 882 auferentes
1802 833 1861 882 et
1888 822 1950 881 in
1982 838 2197 898 aquam

216 905 516 974 mittentes
546 915 662 974 suis
690 937 795 992 per
820 918 967 976 haec
995 917 1238 977 infirmis
1270 919 1523 977 multum
1556 919 1857 978 commodi
1890 920 2195 979 adferrent.

218 1012 319 1088 qui
347 1012 624 1072 uidelicet
654 1033 783 1073 mos
811 1015 964 1073 adeo
992 1014 1326 1088 increbruit,
1356 1025 1423 1073 ut
1458 1015 1737 1091 paulatim
1766 1018 1960 1075 ablata
1987 1015 2199 1076 exinde

218 1123 370 1168 terra
402 1110 618 1167 fossam
655 1111 732 1168 ad
766 1129 1098 1169 mensuram
1137 1120 1390 1168 staturae
1427 1109 1608 1169 uirilis
1644 1113 1825 1170 altam
1861 1111 2195 1172 reddiderit.

217 1222 330 1262 nec
351 1202 680 1263 mirandum
701 1203 763 1261 in
784 1205 918 1263 loco
942 1204 1145 1264 mortis
1166 1204 1318 1264 illius
1341 1205 1600 1264 infirmos
1622 1205 1827 1280 sanari,
1848 1207 1950 1282 qui
1972 1226 2203 1282 semper
2235 1218 2316 1256 10

219 1302 362 1359 dum
419 1301 643 1359 uiueret
696 1300 935 1361 infirmis
979 1312 1038 1360 et
1077 1301 1431 1377 pauperibus
1487 1303 1793 1362 consulere
1849 1303 2199 1379 elimosynas

219 1400 360 1457 dare
402 1417 580 1474 opem
621 1399 766 1457 ferre
808 1417 931 1458 non
973 1400 1257 1458 cessabat.
1345 1409 1406 1457 et
1443 1401 1627 1458 multa
1680 1399 1922 1475 quidem
1964 1399 2025 1458 in
2064 1401 2200 1459 loco

219 1496 322 1553 illo
362 1497 458 1553 uel
499 1496 576 1554 de
617 1497 856 1570 puluere
897 1493 1013 1553 loci
1053 1493 1208 1553 illius
1250 1495 1404 1554 sacta
1441 1494 1723 1553 uirtutum
1760 1495 2041 1554 miracula
2076 1492 2205 1553 nar-

219 1601 454 1662 rantur3
509 1591 613 1648 sed
656 1609 765 1648 nos
808 1590 926 1649 duo
968 1599 1198 1647 tantum
1243 1608 1395 1664 quae
1436 1608 1473 1647 a
1511 1589 1827 1649 maioribus
1867 1588 2203 1649 audiuimus

218 1684 429 1743 referre
459 1683 598 1742 satis
627 1684 918 1743 duximus,
2240 1705 2315 1764 15

343 1782 486 1838 Non
541 1781 729 1839 multo
782 1791 918 1856 post
972 1774 1440 1839 interfectionem
1496 1779 1620 1838 eius
1677 1790 1883 1838 exacto
1937 1789 2203 1853 tempore

221 1876 467 1951 contigit
514 1887 580 1934 ut
624 1876 866 1951 quidam
922 1895 1075 1952 equo
1131 1877 1341 1934 sedens
1389 1875 1497 1933 iter
1542 1876 1705 1933 iuxta
1756 1876 1953 1933 locum
2006 1885 2204 1950 ageret

221 1974 422 2045 illum3
480 1972 646 2030 cuius
690 1992 875 2047 equus
919 1972 1114 2031 subito
1168 1973 1482 2032 lassescere
1537 1971 1856 2031 consistere
1911 1982 2090 2048 caput
2142 1972 2205 2029 in

222 2082 434 2125 terram
489 2068 784 2126 declinare
841 2087 1077 2144 spumas
1127 2087 1200 2126 ex
1243 2087 1343 2127 ore
1398 2066 1707 2127 demittere
1751 2077 1810 2126 et
1853 2076 2206 2143 augescente

225 2164 429 2221 dolore
481 2162 666 2221 nimio
714 2162 778 2221 in
831 2174 1045 2221 terram
1100 2162 1298 2237 coepit
1349 2181 1533 2221 ruere.
1617 2161 1856 2222 desiluit
1909 2180 2091 2237 eques
2146 2173 2205 2220 et
2241 2187 2325 2224 20

223 2260 502 2319 stramine
553 2261 847 2318 substrato
894 2258 1091 2333 coepit
1139 2269 1447 2333 expectare
1493 2259 1698 2317 horam
1742 2277 1863 2334 qua
1900 2268 2003 2316 aut
2045 2256 2207 2316 meli-

225 2366 454 2412 oratum
497 2354 782 2431 reciperet
829 2346 1158 2413 iumentum
1205 2363 1307 2412 aut
1354 2354 1705 2429 relinqueret
1750 2363 2058 2414 mortuum.
2144 2360 2206 2409 at

223 2453 418 2527 ipsum
463 2451 565 2510 diu
612 2450 775 2527 graui
823 2452 1027 2510 dolore
1071 2460 1365 2521 uexatum,
1415 2468 1551 2507 cum
1596 2450 1855 2509 diuersas
1902 2450 1963 2507 in
2010 2459 2205 2523 partes

218 2568 290 2606 se
340 2558 655 2622 torqueret,
706 2557 948 2622 repente
989 2546 1315 2604 uolutando
1363 2544 1601 2603 deuenit
1648 2544 1710 2602 in
1754 2543 1897 2602 illud
1943 2541 2060 2601 loci
2102 2541 2205 2602 ubi

225 2664 327 2703 rex
370 2643 765 2701 memorabilis
814 2642 1104 2701 occubuit.
1216 2661 1331 2700 nec
1378 2661 1559 2711 mora,
1616 2640 1954 2717 quiescente
2001 2640 2205 2700 dolore
2243 2662 2323 2721 25

227 2740 496 2798 cessabat
563 2740 638 2797 ab
706 2738 926 2796 insanis
993 2738 1391 2795 membrorum
1467 2736 1725 2796 motibus
1794 2746 1854 2795 et
1920 2748 2207 2796 consueto

227 2853 513 2908 equorum
559 2852 722 2893 more
768 2831 934 2908 quasi
975 2842 1112 2908 post
1158 2831 1565 2891 lassitudinem
1607 2830 1670 2889 in
1713 2830 2010 2889 diuersum
2056 2831 2207 2889 latus

226 2929 485 2988 uicissim
515 2949 643 2989 sese
670 2931 924 2999 uoluere,
966 2927 1279 3002 statimque
1315 2946 1627 3002 exsurgens
1661 2926 1827 3002 quasi
1863 2945 2072 2985 sanum
2104 2946 2211 3002 per

226 3024 444 3097 omnia,
475 3025 695 3084 uirecta
721 3025 1032 3083 herbarum
1060 3022 1290 3083 auidius
1321 3041 1557 3098 carpere
1585 3020 1799 3096 coepit.

350 3124 488 3196 Quo
542 3121 640 3180 ille
684 3120 813 3179 uiso
858 3131 925 3179 ut
971 3119 1059 3178 uir
1107 3118 1331 3195 sagacis
1384 3118 1605 3195 ingenii
1658 3117 1944 3177 intellexit
1988 3116 2209 3192 aliquid
2245 3143 2334 3197 30

229 3220 409 3279 mirae
458 3217 780 3277 sanctitatis
826 3217 964 3277 huic
1006 3220 1142 3276 loco
1186 3236 1307 3292 quo
1352 3236 1537 3292 equus
1581 3227 1671 3275 est
1707 3227 1938 3274 curatus
1980 3213 2213 3286 inesse;

231 3329 288 3374 et
333 3314 528 3391 posito
572 3313 656 3373 ibi
698 3314 866 3390 signo
910 3331 1032 3371 non
1069 3312 1256 3371 multo
1293 3322 1430 3388 post
1469 3310 1739 3370 ascendit
1776 3326 1995 3384 equum
2031 3317 2213 3381 atque

294 3429 314 3461 ²
347 3431 425 3479 uis
445 3446 537 3479 ms,
565 3430 683 3493 fides
705 3427 783 3479 Cl.
885 3427 907 3459 ⁷
939 3427 1157 3490 adferent
1175 3441 1263 3475 ms·
1368 3423 1408 3455 ²¹
1443 3425 1680 3473 subtracto
1699 3439 1791 3472 ms.
1824 3422 2060 3470 substrato
2083 3417 2166 3468 (3⁸.
