2567 3750
626 319 1001 378 INCIPIT
1072 320 1361 377 LIBER
1429 316 1902 394 QVARTVS¹

319 500 848 565 HISTORIAE
923 500 1739 565 ECCLESIASTICAE
1818 500 2166 566 GENTIS

958 620 1519 685 ANGLORVM.

270 801 464 852 HAEC
519 804 1049 854 CONTINENTVR
1101 806 1464 855 CAPITVLA
1518 807 1600 854 IN
1651 807 1868 856 LIBRO
1919 804 2216 868 QVARTO

329 882 731 933 HISTORIAE
765 885 1383 936 ECCLESIASTICAE
1418 886 1684 937 GENTIS
1726 885 2150 935 ANGLORVM.

369 984 395 1033 1
548 986 610 1034 Vt
638 986 856 1048 defuncto
891 987 1151 1036 Deusa'edit
1193 988 1285 1050 Vig
1280 985 1415 1034 hard
1438 987 1507 1035 ad
1531 987 1884 1050 suscipiendum
1916 987 2233 1049 episcopatum

569 1051 778 1098 Romam
800 1053 864 1099 sit
884 1042 1106 1111 missus&
1133 1052 1216 1100 sed
1230 1053 1315 1099 illo
1334 1051 1501 1099 ibidem
1524 1052 1745 1114 defuncto
1768 1051 2036 1098 Theodorus
2056 1050 2233 1097 archie-

559 1115 781 1177 piscopus
816 1116 1073 1164 ordinatus
1104 1123 1152 1165 et
1179 1132 1289 1164 cum
1332 1116 1596 1163 Hadriano
1630 1116 1794 1164 abbate
1827 1116 1892 1164 sit
1927 1114 2234 1163 Brittaniam

571 1179 761 1227 missus.

353 1258 409 1306 11
549 1260 612 1308 Vt
639 1261 872 1310 Theodoro
903 1268 1074 1310 cuncta
1100 1268 1395 1325 peragrante
1419 1263 1466 1309 A
1472 1262 1699 1324 ngz'orum
1721 1260 1927 1308 ecclesiae
1945 1275 2055 1307 cum
2076 1258 2235 1307 catho-

568 1324 663 1371 lica
700 1326 899 1374 ueritate
931 1327 1207 1374 litterarum
1245 1342 1427 1389 quoque
1466 1335 1750 1373 sanctarum
1795 1325 2036 1398 coeperint
2066 1324 2238 1371 studiis

569 1388 745 1500 inbtuij
775 1397 819 1437 et
837 1396 895 1437 ut
912 1391 1068 1438 Putta
1093 1398 1187 1453 pro
1208 1391 1466 1439 Damiano
1488 1390 1745 1453 Hrofensis
1765 1391 1972 1437 ecclesiae
1991 1389 2054 1435 sit
2067 1388 2238 1451 factus

569 1467 637 1499 an
659 1469 700 1500 zs
717 1470 774 1502 es.

339 1531 424 1580 111
548 1533 610 1580 Vt
635 1534 838 1592 Ceadda,
866 1534 923 1582 de
939 1549 1034 1597 quo
1052 1541 1205 1596 supra
1227 1534 1411 1582 dictum
1432 1540 1513 1589 est,
1537 1533 1825 1596 prouinciae
1850 1531 2147 1580 Merciorum
2177 1530 2243 1579 sit

568 1599 808 1659 episcopus
827 1599 984 1657 datus,
1011 1605 1056 1647 et
1073 1599 1131 1646 de
1149 1599 1255 1646 uita
1276 1606 1320 1646 et
1340 1600 1395 1646 de
1413 1598 1540 1645 obitu
1562 1604 1606 1645 et
1624 1599 1873 1660 sepultura
1896 1598 2011 1645 eius.

334 1676 450 1727 1111
494 1691 499 1694 ’
549 1678 613 1726 Vt
657 1679 862 1727 Colman
905 1679 1142 1753 episcopus
1183 1680 1347 1727 relicta
1390 1679 1647 1727 Brittania
1695 1679 1790 1725 duo
1841 1677 2130 1725 monasteria
2181 1677 2237 1723 in

554 1742 763 1868 ῗεέίξΐα,
801 1759 963 1790 unum
992 1742 1160 1791 Scottis
1191 1744 1400 1792 alterum
1429 1743 1614 1806 Anglis
1633 1759 1750 1806 quos
1770 1758 1924 1790 secum
1945 1743 2231 1799 adduxerat,

592 1822 638 1853 ec

359 1888 408 1935 V
538 1889 620 1937 De
638 1895 788 1937 morte
812 1889 966 1937 Osuiu
981 1896 1027 1937 et
1044 1890 1295 1953 Ecgbercti
1311 1906 1493 1953 regum,
1516 1896 1559 1938 et
1577 1892 1635 1938 de
1654 1890 1831 1953 synoa'o
1839 1890 1981 1952 facta
1998 1891 2067 1937 acl
2083 1890 2238 1937 locum

569 1953 886 2016 Hemtfhra'a,
914 1956 996 2001 cui
1003 1955 1303 2017 praesidebat
1320 1955 1695 2017 archiepiscopus
1724 1956 2005 2002 Theodorus.

342 2033 419 2082 VI
544 2034 608 2082 Vt
635 2034 835 2094 deposito
880 2034 1131 2098 Vynfndo,
1172 2035 1427 2097 Saexuulf
1444 2036 1759 2097 episcopatum
1791 2036 1893 2082 eius
1923 2034 2159 2096 acceperit,
2198 2040 2242 2081 et

568 2097 895 2146 Earconuald
917 2100 1240 2147 Orientalibus
1262 2101 1540 2148 Saxonibus
1559 2101 1793 2162 episcopus
1814 2101 1878 2146 sit
1897 2099 2053 2146 datus.

328 2177 433 2226 VII
546 2178 609 2226 Vt
639 2178 696 2225 in
739 2179 1026 2227 monasterio
1067 2179 1380 2238 Berzkinetm’,
1428 2180 1513 2228 ubi
1551 2187 1748 2241 corpora
1791 2177 2238 2228 sanctimonialium

553 2242 868 2304 seminarum
879 2244 1008 2305 poni
1025 2243 1249 2302 deberent,
1277 2245 1461 2291 caelesti
1478 2245 1543 2292 sit
1562 2245 1664 2291 luce
1685 2249 2021 2291 monstratum.

315 2320 449 2369 VIII
543 2321 606 2369 Vt
624 2321 681 2369 in
702 2322 852 2369 eodem
876 2322 1160 2370 monasterio
1169 2323 1413 2384 puerulus
1435 2322 1642 2370 moriens
1661 2321 1906 2383 uirginem
1928 2336 2049 2382 quae
2067 2335 2114 2367 se
2134 2325 2240 2366 erat

566 2392 784 2433 secutura
825 2387 1122 2444 clamauerit,
1172 2394 1319 2448 utque
1357 2388 1459 2433 alia
1509 2388 1567 2434 de
1604 2392 1794 2447 corpore
1833 2399 2079 2447 egressura
2131 2384 2234 2432 iam

557 2449 860 2511 particulam
868 2450 1082 2512 futurae
1097 2450 1219 2498 lucis
1240 2451 1489 2512 aspexerit.

342 2531 421 2580 IX
539 2532 673 2592 Quae
699 2532 802 2579 sint
832 2538 1014 2580 ostensa
1046 2532 1239 2579 caelitus
1269 2533 1414 2592 signa
1444 2546 1554 2579 cum
1586 2536 1631 2578 et
1658 2530 1766 2593 ipsa
1798 2534 1953 2576 mater
1981 2543 2236 2590 congrega·

566 2596 712 2644 tionis
732 2596 868 2644 illius
888 2612 913 2643 e
932 2597 1115 2643 mundo
1136 2596 1381 2645 transiret.

353 2673 404 2722 X
541 2674 603 2722 Vt
630 2675 702 2722 ad
724 2673 1024 2737 cymiterium
1056 2674 1261 2723 eiusdem
1297 2673 1578 2722 monasterii
1598 2688 1747 2721 orans
1775 2688 1907 2721 caeca
1934 2673 2083 2719 lucem
2119 2685 2235 2718 rece-

332 2815 411 2865 xl
540 2745 929 2944 ἔζῖσὲκρᾱςηι
950 2818 1239 2882 prouinciae
1263 2817 1403 2866 Sebbi
1427 2818 1484 2866 in
1506 2816 1785 2865 monachica
1806 2817 1962 2864 uitam
1984 2803 2236 2863 conuersa·

565 2882 690 2930 tione
748 2882 896 2930 nierit

325 2974 432 3025 XII
542 2977 931 3040 Vtepiscopatum
954 2946 1329 3027 occidentalium
1348 2978 1601 3025 Saxonum
1616 2974 1742 3038 pro³
1756 2974 2012 3023 Leutlierio
2035 2973 2229 3030 Haeddi,

562 3042 876 3106 episcopatum
897 3041 1157 3106 Hrofensw
1176 3042 1386 3089 ecclesiae
1407 3048 1501 3103 pro
1523 3042 1675 3106 Putta
1703 3039 1944 3088 Cuiclzelm
1967 3044 2012 3086 et
2020 3045 2116 3107 pro
2139 3038 2238 3098 ipso
