2567 3750
261 54 389 118 ,142
595 111 599 115 ‚
657 51 751 103 oF
790 52 1168 102 CAEDMON
1204 53 1372 102 ΛΝΒ
1415 53 1546 102 HIS
1584 51 1873 101 DREAM.
2143 30 2264 114 [IV

274 182 602 257 Anglorum
648 180 918 258 religiosa
970 191 1248 257 poemata
1293 182 1485 240 facere
1529 179 1872 253 temtabant,
1923 177 2030 238 sed
2069 178 2263 238 nullus

274 296 414 337 eum
461 277 839 367 aequiparare
879 277 1089 355 potuit.
1174 296 1433 353 namque
1476 276 1603 354 ipse
1638 296 1761 336 non
1805 278 1880 335 ab
1923 274 2262 336 hominibus

274 392 469 449 neque
515 388 622 450 per
667 374 970 433 hominem
1013 373 1312 432 institutus
1357 373 1612 433 canendi
1660 384 1847 432 artem
1892 371 2115 445 didicit,
2156 372 2261 432 sed

275 468 556 528 diuinitus
602 469 839 528 adiutus
874 469 1050 545 gratis
1095 468 1350 528 canendi
1392 469 1618 529 donum
1650 467 1893 544 accepit.
1977 468 2137 526 unde
2177 467 2261 526 nil

273 586 555 644 umquam
580 566 775 626 friuoli
801 577 861 626 et
888 565 1232 642 superuacui
1270 565 1559 642 poematis
1602 567 1792 625 facere
1822 565 2018 642 potuit
2059 567 2164 625 sed
2191 584 2263 624 ea
2330 583 2363 641 5

275 664 687 724 tantummodo
726 683 875 739 quae
917 664 994 722 ad
1042 662 1387 739 religionem
1421 663 1715 738 pertinent
1762 661 2090 738 religiosam
2139 661 2262 721 eius

274 760 534 835 linguam
576 760 882 817 decebant.
968 757 1260 833 siquidem
1300 758 1362 818 in
1399 758 1606 816 habitu
1650 756 1934 816 saeculari
1972 776 2157 832 usque
2184 759 2264 827 ad

275 867 544 933 tempora
589 853 969 932 prouectioris
1013 855 1222 914 aetatis
1266 855 1621 915 constitutus
1663 855 1749 913 nil
1795 853 2117 913 carminum
2166 853 2264 913 ali-

275 952 516 1029 quando
572 951 895 1012 didicerat:
963 952 1123 1013 unde
1166 971 1617 1028 nonnumquam
1664 951 1728 1012 in
1782 952 2078 1025 conuiuiO,
2125 970 2263 1010 cum

275 1061 431 1110 esset
456 1048 711 1110 laetitiae
738 1068 915 1108 causa
940 1050 1242 1108 decretum
1270 1058 1337 1108 ut
1365 1068 1573 1109 omnes
1600 1069 1706 1125 per
1731 1049 2000 1109 ordinem
2027 1059 2263 1108 cantare
2296 1072 2366 1109 10
2430 1111 2439 1117 ,

274 1147 572 1219 deberent,
628 1145 728 1206 ille
780 1145 885 1204 ubi
937 1144 1411 1221 adpropinquare
1465 1145 1577 1206 sibi
1628 1141 1911 1205 citharam
1965 1145 2261 1217 cernebat,

275 1247 548 1321 surgebat
582 1265 618 1304 a
654 1244 853 1304 media
888 1263 1074 1304 caena
1111 1253 1171 1303 et
1209 1262 1474 1319 egressus
1507 1244 1586 1303 ad
1625 1263 1792 1304 suam
1825 1244 2073 1304 domum
2098 1263 2264 1321 repe-

276 1341 470 1399 dabat.

394 1434 577 1510 Quod
621 1436 767 1494 dum
813 1445 1081 1510 tempore
1127 1435 1389 1510 quodam
1438 1436 1673 1508 faceret,
1724 1445 1785 1496 et
1830 1434 2033 1496 relicta
2078 1435 2260 1496 domo

274 1531 537 1592 conuiuii
584 1551 846 1608 egressus
895 1543 1047 1591 esset
1079 1532 1158 1590 ad
1207 1533 1439 1592 stabula
1484 1532 1881 1593 iumentorum
1918 1553 2169 1610 quorum
2206 1533 2261 1593 ei
2292 1555 2360 1613 15

273 1626 545 1686 custodia
589 1638 766 1687 nocte
809 1627 910 1685 illa
956 1637 1078 1686 erat
1123 1628 1408 1702 delegata,
1459 1627 1660 1705 ibique
1712 1628 1858 1687 hora
1899 1629 2260 1705 competenti

276 1723 542 1782 membra
585 1722 847 1782 dedisset
898 1719 1111 1798 sopori,
1163 1721 1388 1781 adstitit
1432 1721 1486 1782 ei
1531 1723 1772 1799 quidam
1814 1742 1920 1799 per
1966 1723 2257 1783 somnium

275 1839 530 1897 eumque
585 1821 843 1879 salutans
900 1838 971 1879 ac
1026 1838 1134 1879 suo
1190 1820 1494 1896 appellans
1562 1818 1819 1893 nomine,
1880 1823 1895 1853 ‘
1915 1819 2257 1892 Caedmon,’

274 1916 466 1993 inquit
523 1922 537 1950 ‘
559 1928 732 1976 canta
786 1915 931 1975 mihi
978 1915 1237 1992 aliquid!
1319 1926 1381 1975 at
1430 1915 1528 1975 ille
1569 1916 1939 1992 respondens
1989 1920 2005 1948 ‘
2023 1915 2224 1977 nescio
2244 1916 2259 1946 ’

273 2013 464 2090 inquit
521 2017 827 2086 ‘cantare3
893 2031 1033 2071 nam
1088 2022 1148 2071 et
1193 2012 1333 2072 ideo
1378 2013 1455 2071 de
1501 2010 1783 2071 conuiuio
1832 2031 2094 2088 egressus
2141 2014 2259 2071 huc
2287 2035 2377 2081 20,

267 2107 504 2188 secessi,
537 2108 678 2184 quia
704 2119 940 2167 cantare
970 2127 1093 2167 non
1120 2108 1423 2184 poteram.’
1503 2127 1733 2167 rursum
1761 2107 1859 2167 ille
1888 2107 1989 2184 qui
2016 2127 2153 2167 cum
2182 2126 2257 2167 eo

273 2205 641 2280 loquebatur,
697 2204 1019 2262 ‘attamen'
1080 2203 1165 2262 ait
1227 2202 1406 2262 ‘mihi
1460 2214 1695 2262 cantare
1749 2204 1968 2262 habes.'
2052 2203 2271 2279 ‘quid’j

274 2299 465 2376 inquit
493 2304 508 2330 ‘
528 2300 720 2359 debeo
750 2310 982 2357 cantare
1001 2300 1051 2357 P'
1132 2310 1194 2359 at
1230 2298 1330 2358 ille
1368 2303 1383 2331 ‘
1403 2309 1576 2357 canta
1594 2301 1607 2326 '
1644 2298 1833 2375 inquit
1872 2305 1886 2331 ‘
1907 2298 2258 2375 principium

275 2398 704 2456 creaturarum.'
814 2413 935 2471 quo
990 2406 1239 2471 accepto
1292 2413 1577 2471 responso
1632 2394 1827 2454 statim
1882 2394 2007 2471 ipse
2062 2395 2259 2472 coepit

274 2503 510 2551 cantare
558 2492 620 2550 in
673 2492 910 2551 laudem
958 2490 1056 2552 dei
1113 2490 1437 2551 conditoris
1491 2509 1694 2552 uersus
1741 2509 1891 2566 quos
1934 2510 2258 2568 numquam
2287 2509 2354 2568 ²5

275 2589 556 2661 audierat,
604 2607 854 2664 quorum
886 2587 995 2647 iste
1039 2599 1127 2647 est
1165 2607 1405 2648 sensus:
1465 2592 1658 2646 ‘nunc
1697 2589 1936 2647 laudare
1973 2590 2260 2648 debemus

276 2697 578 2746 auctorem
623 2684 787 2763 regni
829 2686 1114 2757 caelesti5‚
1149 2683 1477 2761 potentiam
1497 2713 1502 2716 -
1522 2684 1798 2744 creatoris
1846 2694 1905 2744 et
1949 2685 2261 2745 consilium

275 2782 445 2855 illius,
475 2784 630 2842 facta
659 2781 838 2858 patris
878 2781 1135 2858 gloriae3
1194 2782 1499 2857 quomodo
1539 2780 1656 2851 ille,
1700 2800 1835 2840 cum
1876 2780 1951 2839 sit
1992 2791 2260 2841 aeternus

276 2878 438 2948 deuS‚
486 2877 752 2936 omnium
798 2876 1208 2936 miraculorum
1255 2887 1463 2936 auctor
1507 2876 1711 2949 extitit,
1763 2876 1865 2953 qui
1896 2876 2087 2953 primo
2128 2876 2260 2937 filiis

275 2972 581 3031 hominum
619 2975 848 3033 caelum
884 2992 992 3049 pro
1036 2973 1295 3033 culmine
1343 2973 1499 3046 tecti,
1547 2973 1765 3033 dehinc
1811 2984 2024 3032 terram
2061 2985 2260 3033 custos
2285 2995 2358 3050 30

277 3067 521 3125 humani
562 3069 789 3143 generis
837 3068 1213 3145 omnipotens
1261 3070 1517 3129 creauit.'
1598 3069 1697 3128 hic
1741 3080 1829 3129 est
1876 3089 2095 3143 sensus,
2136 3089 2259 3131 non

278 3173 477 3221 autem
520 3164 667 3222 ordo
722 3163 847 3239 ipse
901 3167 1217 3224 uerborum
1273 3184 1426 3241 quae
1480 3164 1777 3246 dormiens
1829 3164 1927 3226 ille
1975 3167 2260 3225 canebat:

377 3271 419 3302 ²²
451 3288 565 3321 cena
588 3289 647 3337 pr
668 3290 800 3323 man.
1067 3274 1109 3307 ¹⁴
1140 3277 1285 3325 domu
1308 3293 1367 3341 pr
1389 3293 1518 3327 man.
1783 3275 1825 3309 ¹⁵
1855 3276 2058 3326 conuiui
2071 3291 2164 3325 ms.

2563 1128 2567 1213 ⁴
