2567 3750
281 0 380 65 ²9]
415 0 978 49 VIGHARD’SDEA
993 0 1103 47 TH.
1152 0 1347 46 POPE
1379 0 1803 46 VITALJAN‘S
1818 0 2132 46 LETTER.
2175 0 2249 56 63

274 140 338 189 et
377 129 702 206 apostolica
747 126 1011 200 ecclesia,
1056 128 1463 187 adsumserunt
1506 146 1642 186 cum
1686 122 1972 186 electione
2016 137 2075 186 et
2118 146 2254 186 con-

276 244 452 285 sensu
498 236 734 285 sanctae
779 224 1060 285 ecclesiae
1105 223 1296 300 gentis
1330 224 1655 300 Anglorum
1698 223 1888 282 uirum
1928 223 2153 282 bonum
2194 234 2254 282 et

276 331 480 395 aptum
497 316 501 321 ’
518 319 879 396 episcopatui
905 320 1307 395 presbyterum
1334 317 1575 378 nomine
1601 317 1964 394 Vighardum
1993 319 2068 376 de
2098 319 2255 376 clero

278 415 612 475 Deusdedit
638 415 914 492 episcopi,
953 425 1012 475 et
1043 415 1202 473 hunc
1237 412 1554 472 antistitem
1582 413 1971 473 ordinandum
1999 415 2255 471 Romam

216 529 248 588 5
279 510 593 572 miserunt:
662 510 934 587 quatinus
974 519 1232 584 ‘accepto
1293 508 1418 584 ipse
1477 509 1660 583 gradu
1726 506 2256 583 archiepiscopatus

279 606 598 665 catholicos
640 625 746 681 per
788 625 1026 667 omnem
1064 605 1405 665 Brittaniam
1442 602 1702 664 ecclesiis
1737 605 2063 679 Anglorum
2108 601 2258 661 ordi-

278 720 419 760 nare
446 711 645 775 posset
671 701 972 760 antistites,
1052 686 1058 692 i

399 798 622 854 Verum
661 796 923 873 Vighard
966 799 1223 857 Romam
1263 793 1630 872 peruenienS‚
1677 794 2014 871 priusquam
2058 812 2259 853 conse-

279 892 424 951 crari
451 892 511 950 in
540 893 943 969 episcopatum
978 906 1192 970 posset,
1231 905 1416 954 morte
1453 904 1789 970 praereptus
1830 904 1936 965 est,
1975 904 2033 952 et
2065 892 2259 951 huius-

180 1011 252 1049 10
280 989 444 1050 modi
470 989 692 1050 litterae
719 989 839 1068 regi
868 991 1055 1052 Osuiu
1084 990 1426 1050 Brittaniam
1453 990 1724 1050 remissae
1753 1000 1923 1050 sunt:

285 1187 300 1214 ‘
334 1176 745 1299 DOMINO
776 1176 1080 1237 excellenti
1106 1176 1227 1236 filio
1256 1175 1442 1238 Osuio
1469 1175 1590 1252 regi
1617 1177 1910 1236 Saxonum
1933 1173 2259 1233 Vitalianus

497 1273 804 1349 episcopus
838 1294 1038 1333 seruus
1074 1294 1374 1334 seruorum
1397 1263 1514 1334 dei.
1601 1272 2013 1333 desiderabiles
2042 1272 2257 1332 litteras

279 1370 658 1429 excellentiae
685 1381 912 1430 uestrae
940 1370 1317 1447 suscepimuS,
1349 1390 1491 1447 quas
1526 1372 1849 1447 relegentes
1876 1368 2260 1446 cognouimus

279 1466 406 1526 eius
427 1467 744 1543 piissimam
767 1469 1146 1528 deuotionem
1169 1467 1772 1542 feruentissimumque
1795 1486 2054 1526 amorem
2083 1485 2259 1542 quem

181 1578 248 1636 15
281 1563 458 1622 habet
494 1575 730 1640 propter
766 1566 998 1624 beatam
1033 1565 1234 1636 uitam,
1274 1575 1334 1624 et
1373 1564 1509 1640 quia
1540 1568 1779 1624 dextera
1815 1563 2039 1623 domini
2074 1574 2263 1638 prote-

279 1667 456 1732 gente
485 1658 562 1717 ad
589 1678 789 1718 ueram
817 1668 876 1719 et
908 1660 1290 1736 apostolicam
1322 1661 1503 1718 fidem
1530 1658 1603 1717 sit
1631 1677 1964 1730 conuersu3‚
2004 1677 2259 1734 speranS,

281 1752 432 1811 sicut
462 1752 520 1812 in
548 1773 651 1813 sua
676 1766 851 1830 gente
886 1765 1105 1831 regnat,
1145 1755 1226 1815 ita
1261 1765 1321 1815 et
1358 1776 1494 1814 cum
1530 1755 1761 1816 Christo
1794 1757 1869 1814 de
1903 1757 2097 1815 futuro
2126 1774 2262 1814 con-

281 1869 538 1926 regnare.
625 1850 933 1911 benedicta
968 1851 1140 1929 igitur
1169 1871 1330 1928 genS,
1371 1870 1521 1928 quae
1558 1852 1734 1911 talem
1772 1850 2261 1927 sapientissimum

282 1955 342 2004 et
378 1944 478 2004 dei
520 1946 803 2006 cultorem
844 1946 1162 2021 promeruit
1205 1948 1419 2006 habere
1460 1966 1689 2023 regem:
1734 1946 1870 2021 quia
1907 1965 2029 2004 non
2070 1947 2260 2004 solum

181 2057 255 2095 20
282 2039 407 2118 ipse
461 2040 561 2100 dei
619 2042 806 2100 cultor
857 2041 1062 2111 extitit,
1118 2043 1224 2101 sed
1277 2041 1454 2100 etiam
1508 2060 1713 2100 omnes
1776 2039 2069 2099 subiectos
2126 2059 2261 2098 suos

282 2134 596 2194 meditatur
640 2135 735 2195 die
778 2155 849 2194 ac
889 2146 1064 2196 nocte
1111 2137 1188 2195 ad
1241 2138 1448 2200 fidem.
1476 2136 1820 2195 catholicam
1875 2146 2050 2211 atque
2098 2154 2256 2210 apos-

282 2229 521 2289 tolicam
561 2249 670 2307 pro
713 2250 850 2290 suae
895 2230 1122 2290 animae
1166 2231 1529 2291 redemtione
1573 2229 1851 2290 conuerti.
1937 2229 2065 2305 quis
2101 2229 2261 2288 enim

283 2324 530 2384 audiens
582 2326 729 2385 haec
782 2326 982 2385 suauia
1035 2345 1157 2384 non
1209 2321 1498 2385 laetetur?
1592 2324 1721 2402 quis
1769 2343 1889 2383 non
1939 2324 2156 2383 exultet
2203 2334 2262 2383 et

282 2420 537 2495 gaudeat
573 2420 634 2480 in
671 2421 760 2480 his
796 2421 907 2497 piis
944 2421 1257 2497 operibus?
1343 2420 1480 2497 quia
1517 2431 1574 2480 et
1610 2439 1754 2496 gens
1794 2429 1987 2478 uestra
2028 2417 2260 2479 Christo

184 2536 214 2573 2
224 2532 254 2590 5
285 2517 675 2595 omnipotenti
703 2519 818 2577 deo
847 2518 1093 2577 credidit
1130 2519 1456 2598 secundum
1487 2517 1819 2576 diuinorum
1847 2517 2261 2592 prophetarum

286 2635 480 2688 uoceS,
521 2615 671 2675 sicut
707 2615 986 2692 scriptum
1024 2625 1110 2675 est
1152 2613 1213 2672 in
1252 2614 1440 2675 Isaia:
1486 2618 1519 2646 “
1537 2614 1599 2673 in
1627 2614 1723 2674 die
1756 2614 1856 2673 illa
1891 2613 2053 2673 radix
2082 2615 2259 2684 Iesse,

288 2709 389 2786 qui
416 2721 529 2770 stat
555 2710 617 2770 in
645 2710 876 2787 signum
902 2711 1269 2785 populorum,
1294 2709 1487 2785 ipsum
1513 2720 1715 2785 gentes
1744 2709 2261 2785 deprecabuntur.'’

287 2815 346 2865 et
373 2805 611 2866 iterum:
655 2809 689 2838 “
707 2804 905 2864 audite
941 2804 1179 2875 insulae,
1219 2803 1521 2863 adtendite
1556 2793 1758 2879 populi
1795 2805 1869 2863 de
1896 2805 2120 2880 longe.''
2202 2813 2262 2862 et

289 2913 421 2977 post
462 2903 765 2979 paululum
804 2906 839 2933 “
855 2901 1106 2975 parum’'
1141 2898 1331 2974 inquit
1376 2903 1410 2931 “
1429 2909 1516 2958 est
1552 2909 1616 2958 ut
1653 2898 1797 2957 mihi
1832 2898 1909 2957 sis
1946 2917 2147 2958 seruus
2184 2899 2261 2957 ad

195 3029 259 3037 --
293 2998 647 3037 enchifonrloe
676 2997 855 3037 {vil-mc
888 2999 1067 3037 Tonnh
1095 3008 1153 3037 οἱ·
1181 2999 1371 3037 senone
1403 2996 1576 3037 Ῐανορ]
1609 2994 2032 3037 ΡΛἈΙΊρνΫρῆᾹΩΕ
2122 2992 2257 3037 Acts„
