2567 3750
250 223 338 304 13]
504 308 517 322 ο
634 239 812 289 LJFE
852 237 1304 289 PRoLoNGED
1343 238 1458 288 By
1487 238 1616 291 HIS
1652 239 1808 288 ΑΗ).
2137 244 2214 301 43

244 385 473 461 posituS‚
515 395 579 443 et
620 383 776 443 inter
826 401 1002 460 aegra
1054 392 1312 442 tremens
1367 380 1611 457 suspiria
1652 381 1836 441 flebili
1876 400 2025 441 uoce
2075 383 2217 441 talia

244 499 461 538 mecum
497 479 887 554 querebatur:
943 482 980 510 “
996 478 1165 537 uides
1175 479 1205 506 ’'
1243 477 1435 553 inquit
1479 482 1513 510 ‘⁴
1530 476 1669 552 quia
1704 476 2058 553 iamiamque
2095 497 2217 538 cre·

242 584 428 633 scente
481 572 742 649 corporis
794 572 1066 632 molestia
1117 571 1195 630 ad
1250 572 1558 630 articulum
1613 572 1955 630 subeundae
2008 573 2215 632 mortis

241 669 570 744 compellor,
619 685 735 726 nec
786 666 998 726 dubito
1050 685 1147 726 me
1201 676 1341 742 post
1393 676 1644 725 mortem
1697 665 1960 742 corporis
2016 654 2238 725 statim'

184 775 216 835 5
240 766 309 824 ad
357 776 704 841 perpetuam
749 763 983 824 animae
1029 774 1280 824 mortem
1322 763 1668 839 rapiendum
1713 781 1785 821 ac
1830 762 2211 822 infernalibus

240 859 605 918 subdendum
648 877 779 918 esse
823 858 1144 932 tormentis,
1195 858 1299 935 qui
1346 869 1612 934 tempore
1654 876 1777 916 non
1828 877 2018 934 pauco
2061 857 2215 918 inter

239 954 424 1014 studia
459 953 697 1014 diuinae
732 953 1002 1014 lectionis
1038 954 1313 1014 uitiorum
1341 954 1536 1030 potius
1572 953 2004 1031 inplicamentis
2032 973 2211 1029 quam

236 1049 442 1109 diuinis
486 1050 753 1108 solebam
793 1049 1008 1109 seruire
1047 1049 1356 1109 mandatis,
1455 1049 1606 1108 inest
1659 1059 1858 1108 autem
1899 1048 2116 1121 animo,
2161 1049 2212 1107 si

236 1144 369 1203 mihi
394 1144 585 1221 pietas
612 1164 866 1221 superna
890 1144 1087 1221 aliqua
1121 1145 1366 1205 uiuendi
1394 1145 1583 1222 spatia
1609 1145 1935 1218 donauerit,
1963 1145 2209 1204 uitiosos

147 1271 212 1307 10
235 1263 418 1303 mores
446 1243 732 1320 corrigere
758 1255 937 1320 atque
962 1244 1040 1302 ad
1067 1242 1378 1320 imperium
1405 1242 1641 1302 diuinae
1672 1241 1989 1302 uoluntatis
2022 1252 2208 1302 totam

235 1357 301 1396 ex
340 1337 569 1412 integro
607 1348 869 1397 mentem
905 1337 1208 1414 uitamque
1252 1339 1575 1398 transferre.
1658 1357 1863 1397 uerum
1906 1337 2050 1396 noui
2086 1356 2209 1397 non

231 1433 343 1490 hoc
382 1451 512 1490 esse
551 1432 743 1492 meriti
785 1431 904 1491 mei
942 1444 1007 1492 ut
1048 1432 1316 1492 inducias
1363 1432 1606 1491 uiuendi
1647 1433 1744 1492 uel
1788 1432 2074 1508 accipiam
2113 1434 2210 1491 uel

232 1548 324 1589 me
368 1539 751 1605 accepturum
805 1548 933 1589 esse
980 1529 1293 1602 confidam,
1337 1529 1450 1588 nisi
1503 1531 1653 1589 forte
1701 1529 1915 1589 misero
1959 1528 2102 1588 mihi
2149 1539 2211 1589 et

230 1627 468 1704 indigno
505 1627 683 1686 uenia
727 1647 834 1704 per
875 1627 1156 1686 auxilium
1195 1646 1401 1686 eorum
1440 1627 1540 1702 qui
1584 1627 1668 1685 illi
1711 1628 1962 1686 fideliter
1999 1625 2209 1686 seruie-

136 1747 198 1804 15
226 1732 358 1782 runt
395 1723 702 1800 propitiari
741 1723 1012 1799 dignatus
1052 1723 1238 1783 fuerit.
1325 1723 1657 1782 audiuimus
1697 1733 1910 1795 autem,
1951 1733 2011 1782 et
2051 1725 2210 1781 fama

227 1816 590 1892 creberrima,
621 1817 761 1895 quia
794 1818 965 1878 fuerit
991 1820 1052 1877 in
1083 1829 1261 1896 gente
1298 1831 1492 1880 uestra
1524 1839 1626 1880 rex
1660 1819 1962 1879 mirandae
2001 1819 2209 1879 sancti-

225 1914 357 1973 tatis
410 1917 711 1974 uocabulo
765 1916 990 1975 Osuald
1045 1916 1210 1975 cuius
1272 1916 1617 1976 excellentia
1674 1915 1814 1976 fidei
1868 1929 1927 1977 et
1979 1916 2208 1975 uirtutis

224 2011 397 2070 etiam
441 2022 580 2087 post
627 2022 880 2071 mortem
926 2014 1208 2071 uirtutum
1261 2014 1653 2089 frequentium
1703 2013 2048 2089 operatione
2094 2014 2210 2072 cla-

222 2105 413 2177 ruerit,
443 2124 791 2182 precorque,
823 2106 871 2164 si
897 2106 1122 2184 aliquid
1141 2107 1515 2183 reliquiarum
1536 2108 1689 2167 illius
1709 2128 1890 2184 penes
1917 2119 1977 2168 te
2004 2109 2205 2180 habeS,

128 2225 194 2262 20
218 2204 449 2261 adferas
476 2202 638 2274 mihi,
670 2202 720 2262 si
755 2204 905 2262 forte
939 2203 1084 2262 mihi
1120 2204 1396 2264 dominus
1436 2224 1543 2280 per
1576 2204 1698 2264 eius
1734 2204 2004 2263 meritum
2039 2204 2209 2264 mise-

219 2295 327 2354 reri
361 2299 667 2358 uoluerit.”
749 2308 810 2357 at
847 2317 957 2374 ego
994 2301 1308 2376 respondi:
1358 2301 1603 2359 “habeo
1646 2300 1887 2376 quidem
1929 2300 2006 2359 de
2044 2300 2206 2375 ligno

218 2391 277 2449 in
317 2412 441 2468 quo
483 2403 664 2468 caput
700 2392 826 2452 eius
871 2393 1052 2454 occisi
1078 2415 1114 2453 a
1141 2394 1385 2471 paganis
1429 2394 1672 2453 infixum
1712 2405 1815 2468 est,
1855 2404 1915 2454 et
1951 2392 2001 2452 si
2035 2394 2204 2452 firmo

218 2489 397 2547 corde
426 2487 762 2561 crediderim
791 2500 989 2565 potest
1020 2489 1224 2549 diuina
1254 2491 1443 2567 pietas
1480 2509 1587 2565 per
1623 2490 1770 2549 tanti
1798 2489 2067 2549 meritum
2097 2488 2204 2547 uiri

217 2595 275 2642 et
301 2586 480 2645 huius
505 2586 669 2645 uitae
701 2585 889 2661 spatia
925 2586 1192 2662 longiora
1228 2587 1557 2646 concedere
1585 2597 1646 2645 et
1673 2586 1933 2662 ingressu
1961 2595 2021 2645 te
2047 2585 2206 2644 uitae

122 2699 185 2755 25
216 2681 492 2752 perennis
535 2680 783 2757 dignum
825 2681 1126 2740 reddere.'’
1206 2700 1320 2740 nec
1361 2692 1622 2742 moratus
1668 2680 1765 2742 ille
1810 2680 2095 2757 integram
2141 2698 2204 2739 se

216 2774 279 2831 in
304 2776 424 2835 hoc
449 2777 669 2836 habere
696 2777 877 2837 fidem
903 2775 1319 2854 respondebat.

342 2877 361 2904 ‘
377 2876 530 2932 Tum
572 2872 853 2934 benedixi
891 2892 1108 2950 aquam
1153 2885 1213 2933 et
1252 2875 1503 2933 astulam
1555 2873 1781 2933 roboris
1833 2871 2077 2949 praefati
2116 2873 2204 2931 in·

216 2965 458 3027 mittens
500 2969 689 3028 obtuli
725 2988 905 3045 aegro
942 2970 1282 3045 potandam.
1369 2989 1482 3029 nec
1518 2988 1701 3042 mora,
1740 2969 1950 3029 melius
1987 2967 2202 3028 habere

216 3062 421 3136 coepit
460 3074 519 3123 et
559 3066 983 3124 conualescens
1023 3065 1101 3123 ab
1138 3063 1475 3124 infirmitate
1511 3066 1702 3123 multo
1743 3064 2025 3140 deinceps
2063 3074 2204 3123 tem-

122 3171 197 3226 30
221 3173 371 3228 pore
395 3157 549 3231 uixit,
579 3170 828 3236 totoque
860 3161 938 3220 ad
967 3161 1146 3220 deum
1175 3162 1355 3221 corde
1383 3172 1442 3221 et
1468 3180 1648 3237 opere
1674 3180 1991 3220 conuersus
2019 3163 2204 3221 omni-

224 3247 344 3307 bus
384 3252 730 3331 ubicumque
783 3255 1169 3331 perueniebat
1221 3255 1596 3315 clementiam
1645 3255 1730 3333 pii
1775 3255 2097 3317 conditoris
2141 3267 2201 3315 et

226 3344 419 3408 fidelis
442 3351 559 3413 eius
583 3353 787 3413 famuli
815 3352 1060 3429 gloriam
1087 3353 1467 3429 praedicabat
1475 3355 1505 3411 .’

771 3462 817 3495 ’⁴
847 3465 1065 3531 ingres-su
1087 3464 1169 3516 Cl.
1229 3467 1499 3528 ingressum
1521 3480 1611 3514 ms,
