2567 3750
345 36 472 117 (19)
489 66 534 88 =
558 30 655 118 Ῑ7]
727 55 1063 107 OPENJNG
1100 55 1196 105 OF
1220 48 1614 105 AEDJLJJJR
1626 52 1832 105 YDA’S
1870 55 2011 104 GRA
2024 55 2131 104 VE.
2217 57 2328 113 129

344 169 505 241 unde
544 175 951 260 intellegentes
991 204 1026 243 a
1069 183 1317 245 domino
1355 204 1525 244 suum
1572 185 1682 245 iter
1715 186 1857 247 esse
1904 197 2328 264 prosperatum,
2407 208 2408 217 ¹

343 277 555 354 gratias
583 292 824 356 agentes
852 283 1197 341 rettulerunt
1224 283 1301 341 ad
1330 283 1764 343 monasterium.

463 375 735 451 Cumque
763 395 976 452 corpus
1004 395 1202 436 sacrae
1229 376 1470 453 uirginis
1498 397 1568 436 ac
1596 397 1849 454 sponsae
1878 376 2096 440 Christi
2123 389 2328 455 aperto

343 472 652 547 sepulchro
682 484 837 532 esset
864 474 1155 549 prolatum
1183 472 1245 531 in
1262 474 1475 544 lucem,
1496 473 1578 532 ita
1599 474 2003 550 incorruptum
2021 472 2325 533 inuentum

276 584 310 643 5
342 577 448 633 est,
482 585 555 625 ac
591 566 639 626 si
684 568 898 627 eodem
947 567 1046 627 die
1088 568 1294 627 fuisset
1343 568 1622 628 defuncta
1670 570 1792 628 siue
1834 570 2019 628 humo
2060 569 2328 641 condita3

341 664 493 724 sicut
538 677 597 725 et
642 667 933 741 praefatus
972 665 1215 726 antistes
1254 666 1467 725 Vilfrid
1506 677 1566 726 et
1602 664 1772 724 multi
1815 665 1916 724 alii
1957 666 2059 741 qui
2104 684 2324 725 nouere

342 769 645 833 testantur,
675 762 782 820 sed
810 759 1040 820 certiori
1067 759 1279 819 notitia
1303 761 1572 821 medicus
1602 759 1887 837 Cynifrid,
1918 759 2020 836 qui
2057 771 2116 820 et
2156 759 2329 819 mori-

343 854 464 913 enti
491 853 575 912 illi
601 865 662 913 et
690 856 950 914 eleuatae
980 856 1056 915 de
1085 857 1315 914 tumulo
1343 854 1557 916 adfuit:
1599 855 1701 930 qui
1729 856 1939 914 referre
1960 865 2083 913 erat
2102 855 2322 926 solitus,

341 953 507 1027 quod
533 951 633 1009 illa
658 951 948 1010 infirmata
975 951 1243 1010 habuerit
1270 961 1561 1010 tumorem
1589 950 1910 1009 maximum
1940 950 2047 1008 sub
2070 948 2326 1022 maxilla,

243 1064 314 1102 10
345 1046 778 1123 ‘iusseruntque
811 1048 931 1107 me’
961 1047 1152 1124 inquit
1184 1048 1469 1108 ‘incidere
1496 1059 1789 1107 tumorem
1817 1046 2000 1118 illum,
2030 1057 2096 1105 ut
2135 1047 2327 1105 efflue-

341 1152 429 1201 ret
468 1141 675 1201 noxius
715 1161 887 1201 umor
918 1143 1021 1218 qui
1058 1143 1274 1202 inerat:
1317 1145 1483 1218 quod
1516 1145 1659 1202 dum
1700 1145 1973 1214 facerem,
2012 1140 2327 1200 uidebatur

326 1235 440 1294 'illa
465 1253 573 1311 per
597 1235 846 1295 biduum
873 1236 1173 1312 aliquanto
1200 1238 1389 1296 leuius
1415 1239 1646 1309 habere,
1667 1237 1749 1297 ita
1776 1250 1841 1298 ut
1868 1237 2035 1295 multi
2057 1247 2328 1312 putarent

344 1330 482 1405 quia
525 1330 716 1389 sanari
751 1343 955 1407 posset
989 1352 1027 1391 a
1058 1334 1355 1409 languore.
1431 1334 1611 1393 'tertia
1648 1346 1847 1393 autem
1896 1334 1994 1392 die
2036 1332 2326 1409 prioribus

342 1427 661 1500 adgrauata
682 1424 988 1486 ‘doloribus
1026 1443 1087 1486 et
1124 1438 1290 1503 rapta
1325 1427 1635 1486 confestim
1678 1429 1753 1488 de
1793 1429 2019 1488 mundo
2061 1428 2329 1488 dolorem

246 1541 310 1599 15
344 1534 585 1573 omnem
622 1534 691 1574 ac
725 1528 975 1575 mortem
1009 1528 1296 1592 perpetua
1330 1519 1515 1577 salute
1552 1537 1623 1577 ac
1656 1517 1779 1577 uita
1815 1517 2081 1578 mutauit.
2167 1537 2329 1576 cum-

322 1630 461 1686 vque
503 1622 639 1687 post
686 1623 775 1671 tot
821 1631 1009 1671 annos
1054 1614 1348 1672 eleuanda
1394 1625 1590 1673 essent
1632 1633 1767 1673 ossa
1806 1616 1881 1674 de
1921 1616 2231 1690 sepulchro
2268 1627 2329 1673 et

344 1718 581 1768 extento
618 1709 870 1783 desuper
903 1707 1203 1784 papilione
1249 1709 1442 1769 omnis
1484 1709 1860 1786 congregatio
1902 1711 2040 1770 hinc
2083 1712 2325 1771 fratrum

342 1805 482 1865 inde
537 1812 803 1882 sororum
845 1808 1103 1883 psallens
1146 1806 1562 1881 circumstaret,
1612 1807 1742 1883 ipsa
1785 1818 1985 1867 autem
2027 1808 2324 1869 abbatissa

344 1904 502 1963 intus
529 1924 667 1964 cum
693 1903 897 1980 paucis
930 1924 1073 1964 ossa
1105 1906 1329 1964 elatura
1365 1916 1423 1965 et
1461 1904 1717 1965 dilutura
1751 1905 2038 1976 intrasset,
2078 1917 2321 1981 repente

242 2030 314 2067 20
342 2000 676 2061 audiuimus
721 2001 1088 2061 abbatissam
1139 2001 1296 2063 intus
1351 2021 1502 2061 uoce
1558 2004 1714 2062 clara
1766 2006 2156 2078 proclamare:
2202 2003 2323 2061 “sit

342 2096 527 2171 gloria
567 2095 797 2156 nomini
846 2096 1123 2157 domini.''
1204 2117 1318 2157 nec
1366 2100 1553 2157 multo
1598 2108 1734 2174 post
1778 2100 2182 2158 clamauerunt
2228 2117 2324 2157 me

342 2194 500 2253 intus
534 2204 789 2254 reserato
815 2195 976 2258 'ostio
1012 2195 1326 2273 papilionis
1359 2196 1601 2273 uidique
1649 2198 1943 2256 eleuatum
1980 2198 2057 2257 de
2089 2198 2320 2257 tumulo

343 2303 403 2351 et
453 2291 716 2367 positum
767 2290 830 2351 in
882 2294 1098 2353 lectulo
1154 2313 1368 2369 corpus
1424 2312 1622 2353 sacrae
1677 2295 1793 2353 deo
1848 2292 2088 2370 uirginis
2143 2292 2313 2369 quasi

334 2387 688 2449 *dormientis
742 2388 967 2461 simile;
1021 2390 1129 2449 sed
1176 2400 1234 2449 et
1289 2389 1667 2464 discooperto
1720 2390 1918 2448 uultus
1970 2388 2319 2448 indumento

240 2505 306 2563 25
339 2496 811 2546 monstrauerunt
851 2486 997 2545 mihi
1041 2486 1219 2546 etiam
1266 2488 1484 2546 uulnus
1530 2485 1817 2545 incisurae
1858 2486 2023 2561 quod
2067 2487 2323 2544 feceram

339 2593 623 2654 curatum,
653 2583 737 2643 ita
771 2595 838 2642 ut
873 2582 1082 2641 mirum
1113 2582 1176 2643 in
1217 2584 1467 2643 modum
1503 2601 1612 2658 pro
1647 2592 1853 2658 aperto
1882 2593 1942 2642 et
1969 2581 2167 2642 hiante
2197 2585 2321 2642 uul-

339 2700 478 2741 nere
506 2700 641 2740 cum
669 2700 788 2757 quo
817 2682 1045 2756 sepulta
1072 2689 1195 2739 erat
1223 2678 1564 2739 tenuissima
1590 2690 1734 2739 tunc
1763 2677 2047 2737 cicatricis
2074 2678 2325 2757 uestigia

338 2788 624 2854 parerent.
710 2779 817 2837 sed
844 2790 904 2838 et
930 2776 1273 2836 linteamina
1310 2775 1528 2849 omnia,
1566 2776 1781 2853 quibus
1814 2776 2149 2836 inuolutum
2197 2790 2321 2837 erat

338 2894 569 2952 corpuS,
600 2875 826 2952 integra
851 2886 1243 2951 apparuerunt
1272 2885 1332 2934 et
1360 2874 1442 2933 ita
1469 2894 1642 2946 noua,
1673 2885 1739 2933 ut
1766 2873 1897 2949 ipso
1929 2874 2026 2932 die
2054 2873 2321 2934 uideren-
