2567 3750
287 72 479 154 (28)=
501 73 599 155 26]
668 92 768 141 OF-
795 92 926 140 HIS
962 91 1347 141 TEACHING
1376 91 1540 141 ΑΜ)
1563 91 2072 142 ΑΒΞΤῙΝΕΝΟΕ.
2147 92 2252 153 155

285 231 464 295 atque
506 223 584 281 ad
638 221 1073 298 suscipiendum
1127 221 1500 299 episcopatus
1553 221 1810 281 officium
1864 224 2081 282 collum
2128 223 2258 282 sub-

286 316 514 375 mittere
543 316 910 393 compellitur
926 338 944 392 ;
972 336 1044 377 eo
1072 317 1326 376 maxime
1354 318 1542 377 uictus
1571 338 1855 391 sermone,
1885 320 2045 395 quod
2072 319 2258 377 famu-

284 414 376 472 lus
432 413 659 473 domini
703 413 899 484 Boisss,
946 434 1079 473 cum
1126 414 1180 474 ei
1222 425 1420 473 mente
1468 414 1810 490 prophetica
1849 426 2062 474 cuncta
2106 434 2258 490 quae

286 526 422 566 eum
482 518 679 567 essent
743 521 1158 584 superuentura
1220 511 1588 585 patefaceret,
1647 509 1966 568 antistitem
2021 529 2259 585 quoque

225 625 255 684 5
289 625 424 665 eum
451 607 706 665 futurum
734 625 861 666 esse
888 607 1266 682 praedixerat.
1352 627 1465 666 nec
1495 618 1694 666 tamen
1735 607 1930 666 statim
1968 605 2258 669 ordinatio

286 703 538 775 decreta,
567 705 671 762 sed
697 715 933 778 peracta
958 703 1151 762 hieme
1180 724 1330 781 quae
1358 704 1695 774 inminebat,
1727 704 1788 763 in
1816 705 1942 780 ipsa
1970 702 2260 763 sollemni-

286 809 405 857 tate
443 799 702 875 paschali
741 801 1032 876 completa
1073 810 1162 863 est
1210 800 1462 858 Eboraci
1505 802 1617 859 sub
1648 800 1976 876 praesentia
2017 798 2262 876 praefati

284 892 434 969 regis
479 892 751 969 Ecgfridi,
798 893 1286 954 conuenientibus
1341 896 1416 955 ad
1460 896 1961 955 consecrationem
2010 895 2134 954 eius
2177 893 2258 954 uii

287 988 577 1065 episcopis
618 988 677 1047 in
719 990 929 1065 quibus
965 991 1174 1049 beatae
1211 991 1526 1050 memoriae
1558 988 1910 1050 Theodorus
1946 989 2255 1066 primatum

191 1105 260 1142 10
287 1085 540 1143 tenebat.
626 1086 844 1144 electus
883 1096 969 1144 est
1006 1096 1203 1145 autem
1234 1086 1427 1162 primo
1463 1086 1527 1144 in
1562 1086 1964 1161 episcopatum
2004 1087 2253 1160 Hagust-

283 1179 540 1239 aldensis
582 1180 864 1239 ecclesiae
900 1200 1009 1256 pro
1045 1184 1388 1241 Tunbercto
1433 1181 1533 1257 qui
1576 1183 1653 1241 ab
1697 1182 2037 1256 episcopatu
2072 1182 2260 1239 fuerat

234 1286 239 1291 ⁴
284 1278 627 1353 depositus:
672 1281 779 1338 sed
807 1278 1089 1354 quoniam
1130 1278 1258 1355 ipse
1294 1281 1424 1354 plus
1464 1277 1922 1337 Lindisfarnensi
1960 1275 2260 1347 ecclesiae,

286 1374 345 1432 in
384 1393 502 1449 qua
547 1385 922 1433 conuersatus
963 1375 1164 1445 fuerat,
1209 1373 1412 1433 dilexit
1450 1374 1701 1449 praefici,
1752 1372 1970 1448 placuit
2005 1382 2070 1430 ut
2110 1373 2261 1429 Eata

284 1470 517 1528 reuerso
560 1469 638 1528 ad
679 1470 881 1528 sedem
925 1469 1206 1528 ecclesiae
1263 1469 1770 1545 HagustaldensiS,
1825 1467 1922 1526 cui
1969 1467 2259 1543 regendae

190 1580 257 1639 15
286 1564 475 1639 primo
517 1566 705 1624 fuerat
740 1565 1057 1637 ordinatuS,
1104 1566 1404 1625 Cudberct
1447 1564 1729 1624 ecclesiae
1774 1561 2260 1623 Lindisfarnensis

284 1661 676 1735 gubernacula
703 1660 1034 1736 susciperet.
1895 1646 1899 1650 ¹

406 1757 526 1830 Qui
554 1768 890 1831 susceptum
919 1756 1292 1832 episcopatus
1311 1757 1556 1833 gradum
1582 1757 1661 1815 ad
1700 1753 2085 1814 imitationem
2122 1755 2261 1813 bea·

282 1863 474 1913 torum
503 1854 899 1928 apostolorum
927 1853 1208 1912 uirtutum
1236 1855 1482 1914 ornabat
1511 1853 1797 1929 operibus,
1884 1850 2257 1911 commissam

286 1967 541 2024 namque
575 1948 686 2009 sibi
729 1950 963 2025 plebem
1013 1961 1072 2008 et
1107 1950 1466 2009 orationibus
1513 1939 1855 2025 protegebat
1900 1948 2158 2007 adsiduis
2203 1959 2262 2007 et

188 2061 260 2100 20
287 2045 783 2105 admonitionibus
811 2045 1198 2105 saluberrimis
1235 2046 1313 2105 ad
1340 2045 1613 2105 caelestia
1639 2049 1905 2105 uocabat.
1992 2054 2065 2116 et,
2097 2044 2260 2118 quod

287 2127 540 2203 maxime
568 2144 839 2202 doctores
867 2142 1064 2200 iuuare
1103 2144 1267 2214 solet,
1300 2161 1371 2200 ea
1401 2161 1552 2218 quae
1584 2144 1814 2218 agenda
1850 2141 2103 2200 docebat
2136 2139 2260 2214 ipse

286 2239 445 2315 prius
498 2240 730 2315 agendo
777 2240 1297 2315 praemonstrabat.
1382 2249 1504 2297 erat
1572 2238 1790 2313 quippe
1858 2245 1996 2294 ante
2063 2235 2263 2293 omnia

288 2335 523 2396 diuinae
564 2335 818 2393 caritatis
863 2335 995 2410 igne
1039 2334 1296 2394 feruidus
1338 2334 1658 2411 patientiae
1705 2333 1920 2392 uirtute
1961 2332 2263 2390 modestus

289 2432 620 2492 orationum
649 2431 951 2491 deuotioni
993 2430 1368 2490 solertissime
1400 2431 1658 2489 intentus
1697 2428 1944 2488 affabilis
1986 2427 2266 2488 omnibus

190 2540 259 2600 25
290 2527 389 2603 qui
417 2528 494 2587 ad
523 2547 586 2587 se
614 2525 1029 2586 consolationis
1070 2526 1251 2601 gratia
1286 2525 1621 2595 ueniebant,
1653 2525 1768 2583 hoc
1804 2523 1996 2599 ipsum
2021 2540 2264 2598 quoque

289 2623 566 2683 orationis
612 2624 747 2682 loco
791 2623 1031 2694 ducens,
1083 2622 1131 2681 si
1173 2622 1415 2680 infirmis
1457 2622 1724 2681 fratribus
1771 2640 1947 2697 opem
1991 2638 2130 2678 suae
2174 2639 2267 2678 ex-

176 2713 183 2720 “
288 2719 634 2781 hortationis
650 2719 928 2779 tribueret
951 2739 968 2791 ;
995 2718 1184 2777 sciens
1214 2719 1367 2794 quia,
1391 2719 1494 2795 qui
1522 2718 1665 2802 dixit
1685 2718 1923 2794 ‘diliges
1960 2715 2265 2776 dominum

288 2818 467 2876 deum
502 2817 703 2888 tuum,’
731 2814 877 2873 dixit
917 2826 976 2874 et
1016 2815 1247 2891 ‘diliges
1288 2815 1654 2890 proximum?
1735 2824 1854 2874 erat
1880 2813 2267 2873 abstinentiae

290 2910 668 2987 castigatione
705 2909 965 2987 insigniS,
1015 2921 1138 2969 erat
1178 2910 1362 2992 gratia
1408 2911 1879 2985 compunctionis
1920 2928 2151 2988 semper
2190 2908 2268 2966 ad

187 3026 265 3082 30
290 3006 562 3067 caelestia
602 3025 929 3082 suspensus,
1014 3006 1273 3081 denique
1310 3026 1446 3065 cum
1484 3005 1822 3065 sacrificium
1853 3007 1968 3067 deo
1994 3006 2268 3066 uictimae

292 3099 553 3160 salutaris
581 3101 827 3172 offerret,
857 3119 982 3158 non
1011 3102 1238 3160 eleuata
1274 3099 1337 3159 in
1372 3102 1555 3159 altum
1587 3121 1738 3161 uoce
1778 3102 1879 3160 sed
1919 3101 2169 3177 profusis
2197 3121 2270 3161 ex

293 3194 413 3254 imo
441 3203 680 3270 pectore
706 3193 959 3252 lacrimis
988 3194 1231 3254 domino
1259 3213 1365 3254 sua
1390 3206 1531 3254 uota
1558 3196 2028 3255 commendabat.

423 3300 445 3333 ⁴
464 3301 743 3365 patefecerit
758 3316 835 3350 ms
856 3317 966 3351 corr
986 3302 1037 3350 in
1049 3303 1347 3366 patefizcm't.
1664 3300 1706 3333 ¹⁸
1737 3304 2013 3352 commis-am
2046 3319 2135 3354 ms,
