2567 3750
324 38 426 135 24]
756 62 1334 118 ‘STREANAESHAL
1342 68 1450 118 CH.
1520 67 1842 118 BJSHOPS.
2214 55 2286 124 67

318 197 580 274 singulae
617 212 760 257 uero
792 197 1195 274 *possessiones
1226 219 1266 257 x
1302 208 1466 258 erant
1502 198 1865 271 familiarum,
1896 196 1964 258 id*
1996 206 2085 257 est
2120 194 2293 258 simul

314 315 526 357 omnes
568 316 697 355 cxx.
779 295 1014 356 intrauit
1056 308 1254 357 autem
1297 299 1555 373 praefata
1596 296 1745 373 regis
1786 295 1975 357 Osuiu
2016 295 2134 354 filia
2176 294 2293 354 deo

319 395 652 457 dedicanda
696 393 1113 453 monasterium
1157 395 1317 470 quod
1362 405 1733 470 nuncupatur
1769 395 2055 464 Heruteu,
2099 391 2164 451 id
2205 403 2292 450 est

317 491 509 552 insula
550 490 728 564 cerui,
772 490 869 550 cui
910 501 1053 550 tunc
1095 490 1246 550 Hild
1286 490 1580 550 abbatissa
1618 489 1882 566 praefuit.
1966 507 2120 564 quae
2160 499 2293 565 post

257 611 288 669 5
317 586 622 646 biennium
664 597 1003 662 comparata
1044 585 1415 663 possessione
1449 605 1490 644 x
1526 585 1869 644 familiarum
1910 583 1973 644 in
2013 584 2149 643 loco
2190 582 2293 659 qui

318 679 531 739 dieitur
567 681 1042 753 Streanaeshaleh‚
1085 680 1170 741 ibi
1205 679 1624 740 monasterium
1661 678 2019 753 construxit3
2072 677 2134 737 in
2172 696 2292 753 quo

317 784 639 833 memorata
674 774 823 851 regis
859 776 978 835 filia
1012 774 1203 851 primo
1240 775 1528 851 discipula
1563 775 1720 834 uitae
1761 774 2036 852 regularis
2076 773 2292 834 deinde

318 870 494 928 etiam
524 871 796 947 magistra
822 872 1026 946 extitit,
1058 872 1251 932 donec
1288 874 1564 948 conpleto
1599 873 1818 932 undelx
1859 890 2148 931 annorum
2186 890 2290 929 nu·

314 985 479 1026 mero
515 967 593 1025 ad
625 969 999 1043 complexum
1028 978 1086 1027 et
1112 967 1347 1044 nuptias
1384 967 1584 1044 sponsi
1620 968 1882 1028 caelestis
1921 967 2086 1044 uirgo
2122 967 2292 1026 beata

218 1092 289 1130 10
314 1062 567 1121 intraret.
651 1061 713 1121 in
756 1082 877 1138 quo
916 1063 1274 1124 ‘monasterio
1321 1074 1380 1123 et
1433 1063 1560 1140 ipsa
1607 1075 1665 1124 et
1711 1074 1876 1141 pater
1927 1063 2053 1124 eius
2102 1063 2288 1124 Osuiu

315 1169 375 1218 et
402 1167 588 1217 mater
616 1158 739 1218 eius
765 1160 1052 1218 Aeanfled
1081 1170 1139 1219 et
1164 1169 1331 1235 pater
1357 1160 1556 1220 matris
1593 1160 1718 1220 eius
1754 1159 2011 1221 Aeduini
2037 1170 2096 1219 et
2123 1160 2292 1218 multi

311 1252 413 1311 alii
454 1252 682 1312 nobiles
728 1253 790 1312 in
833 1253 1079 1314 ecclesia
1131 1255 1319 1313 saneti
1371 1255 1621 1331 apostoli
1665 1255 1820 1315 Petri
1872 1254 2084 1332 sepulti
2137 1264 2286 1314 sunt.

311 1349 431 1409 hoc
456 1360 657 1410 autem
683 1350 903 1410 bellum
929 1370 1032 1410 rex
1059 1351 1247 1412 Osuiu
1275 1351 1338 1410 in
1365 1352 1600 1429 regione
1630 1353 1833 1413 Loidis
1859 1351 2030 1412 tertio
2058 1351 2289 1411 decimo

311 1446 478 1522 regni
504 1445 593 1504 sui
619 1465 777 1505 anno
804 1446 953 1505 xuiia
979 1446 1075 1505 die
1102 1448 1485 1506 kalendarum
1515 1448 1935 1508 Decembrium
1962 1467 2098 1507 cum
2134 1467 2290 1523 mag„-

215 1574 281 1632 15
313 1559 391 1600 na
418 1540 718 1617 utriusque
746 1541 951 1618 populi
977 1542 1224 1602 utilitate
1253 1543 1520 1603 confecit.
1604 1563 1742 1602 nam
1769 1554 1828 1603 et
1855 1562 2020 1602 suam
2054 1553 2290 1618 gentem

313 1639 390 1697 ab
416 1637 615 1696 hostili
649 1656 1010 1714 paganorum
1050 1640 1508 1715 depopulatione
1544 1640 1827 1714 liberauit,
1857 1650 1916 1700 et
1942 1640 2129 1716 ipsam
2156 1659 2291 1715 gen-

312 1745 438 1794 tem
467 1734 824 1795 Merciorum
851 1735 1346 1812 finitimarumque
1372 1734 1804 1813 prouinciarum
1834 1738 2073 1797 desecto
2098 1735 2288 1812 capite

309 1832 539 1908 perfido
565 1832 644 1891 ad
670 1831 807 1892 fidei
837 1831 1198 1893 Christianae
1224 1832 1464 1909 gratiam
1495 1833 1798 1896 conuertit.

433 1931 664 1991 Primus
690 1937 890 1989 autem
915 1929 978 1989 in
1004 1929 1307 2005 prouincia
1335 1930 1692 1989 Merciorum
1720 1930 1892 1989 simul
1920 1940 1978 1990 et
2007 1928 2288 1989 Lindisfa—

211 2054 284 2093 20
308 2045 509 2085 rorum
548 2044 622 2085 ac
656 2025 1222 2085 Mediterraneorum
1258 2026 1584 2101 Anglorum
1620 2027 1805 2084 factus
1850 2035 1936 2084 est
1979 2024 2286 2099 episcopus

312 2123 549 2196 Diuma‚
588 2132 655 2181 ut
691 2140 865 2198 supra
906 2120 1174 2193 diximus,
1214 2119 1318 2196 qui
1353 2121 1514 2196 apud
1559 2120 2019 2179 Mediterraneos
2061 2119 2286 2193 Anglos

308 2218 623 2276 defunctus
690 2234 760 2275 ac
814 2218 1075 2292 sepultus
1131 2226 1233 2288 est,
1292 2216 1586 2275 secundus
1635 2215 1875 2294 Cellach
1930 2211 2032 2288 qui
2085 2211 2286 2270 relicto

306 2312 683 2387 episcopatus
729 2311 924 2370 officio
968 2310 1176 2370 uiuens
1224 2312 1303 2369 ad
1350 2310 1632 2369 Scottiam
1686 2309 1870 2378 rediit,
1921 2318 2162 2382 uterque
2210 2309 2286 2365 de

306 2425 522 2482 genere
563 2407 897 2466 Scottorum
918 2428 961 2465 ε.
988 2405 1190 2464 tertius
1244 2404 1571 2476 Trumheri‚
1620 2406 1695 2463 de
1750 2403 1988 2462 natione
2047 2401 2284 2476 quidem

210 2530 240 2568 2
244 2528 277 2586 5
307 2504 637 2579 Anglorum
671 2502 779 2562 sed
815 2503 1061 2560 edoctus
1090 2511 1148 2559 et
1176 2500 1475 2559 ordinatus
1502 2520 1537 2558 a
1565 2498 1793 2570 ScottiS,
1822 2497 1922 2573 qui
1954 2506 2076 2556 erat
2103 2498 2285 2556 abbas

307 2597 369 2657 in
423 2598 779 2658 monasterio
834 2600 997 2674 quod
1039 2598 1250 2658 dicitur
1300 2597 1707 2674 Ingetlingum.
1813 2595 1938 2670 ipse
1987 2603 2074 2652 est
2117 2595 2281 2652 locus

307 2695 409 2755 ubi
456 2695 688 2755 occisus
741 2705 828 2754 est
883 2715 983 2754 rex
1024 2695 1249 2767 osuini,
1307 2705 1372 2754 ut
1427 2713 1600 2770 supra
1653 2690 2041 2751 meminimus,
2144 2710 2282 2748 nam

304 2790 504 2866 regina
534 2791 823 2849 Aeanfled
857 2789 1188 2865 propinqua
1220 2788 1373 2847 illius
1400 2789 1478 2847 ob
1505 2786 1941 2862 castigationem
1969 2783 2130 2843 necis
2157 2785 2282 2843 eius

305 2883 554 2943 iniustae
620 2884 941 2961 postulauit
992 2903 1028 2942 a
1076 2903 1213 2959 rege
1268 2883 1475 2954 Osuio,
1533 2893 1599 2940 ut
1653 2883 1894 2939 donaret
1947 2879 2030 2937 illi
2083 2880 2279 2938 locum
2385 2957 2390 2966 ἐ

204 3004 278 3060 30
307 2981 725 3042 monasterium
769 2980 1146 3040 construendi
1192 2980 1451 3055 praefato
1500 2977 1595 3036 dei
1640 2976 1855 3034 famulo
1902 2975 2278 3042 Trumherae‚

306 3078 443 3147 quia
477 3077 843 3149 propinquus
879 3088 937 3135 et
973 3074 1097 3151 ipse
1136 3086 1257 3133 erat
1295 3073 1442 3148 regis
1480 3071 1692 3131 occisi:
1746 3070 1807 3127 in
1845 3088 1964 3144 quo
2004 3068 2279 3126 uidelicet
