2567 3750
256 212 389 295 Ῑ21·
712 233 913 282 CURE
960 234 1055 284 off
1088 235 1135 284 A
1183 232 1808 283 FEVER-PATJENJ:
2182 232 2262 286 ,μ

1201 660 1331 717 XII

273 821 784 947 SEQVENTE
826 819 1040 882 dehinc
1082 832 1348 898 tempore
1388 820 1496 880 fuit
1536 820 1597 880 in
1640 821 1856 880 eodem
1903 818 2264 878 monasterio

452 920 738 994 puerulus
787 917 1030 993 quidam
1071 917 1252 994 longo
1293 916 1542 976 febrium
1590 914 1970 975 incommodo
2013 912 2263 991 grauiter

267 1023 530 1073 uexatus.
613 1012 719 1089 qui
751 1032 888 1072 cum
924 1013 1020 1072 die
1054 1014 1314 1090 quodam
1350 1013 1633 1073 sollicitus
1670 1013 1875 1071 horam
1907 1010 2263 1071 accessionis

213 1131 243 1189 5
271 1121 658 1184 exspectaret,
687 1109 980 1185 ingressus
1008 1109 1086 1168 ad
1123 1128 1260 1168 eum
1300 1108 1543 1184 quidam
1583 1109 1658 1167 de
1696 1106 1963 1165 fratribus
2005 1109 2019 1137 ‘
2037 1105 2151 1164 uis'
2180 1105 2264 1162 in-

272 1208 414 1284 quit,
460 1213 475 1240 ‘
493 1207 579 1266 mi
618 1218 777 1280 nate,
818 1209 1068 1267 doceam
1110 1217 1167 1266 te
1210 1206 1516 1282 quomodo
1557 1204 1772 1263 cureris
1813 1205 1889 1262 ab
1931 1202 2101 1261 huius
2141 1219 2265 1260 mo·

270 1304 441 1364 lestia
466 1303 767 1380 languoris
784 1305 812 1362 Ρ
892 1323 1059 1379 surge
1097 1302 1386 1379 ingredire
1424 1301 1731 1362 ecclesiam
1770 1310 1830 1360 et
1867 1299 2157 1358 accedens
2186 1296 2264 1355 ad

272 1401 657 1476 sepulchrum
699 1398 945 1460 Osualdi
985 1398 1067 1457 ibi
1107 1397 1298 1457 reside
1339 1409 1398 1456 et
1440 1397 1673 1473 quietus
1719 1414 1966 1454 manens
2008 1394 2263 1452 adhaere

273 1499 535 1556 tumbae.
620 1495 760 1554 uide
797 1515 876 1556 ne
913 1515 1085 1556 exeas
1122 1495 1261 1555 inde
1299 1515 1412 1555 nec
1447 1497 1522 1555 de
1561 1496 1694 1554 loco
1729 1493 2038 1564 moueariS,
2069 1492 2264 1551 donec

184 1617 253 1654 ro
275 1593 423 1653 hora
463 1592 812 1652 recessionis
853 1592 1105 1652 febrium
1149 1592 1455 1652 transierit.
1541 1602 1684 1650 tunc
1739 1590 1867 1666 ipse
1888 1660 1897 1670 ,
1920 1589 2154 1648 intrabo
2205 1599 2265 1648 et

276 1691 533 1749 educam
580 1699 643 1748 te
689 1688 863 1748 inde!
945 1689 1084 1748 fecit
1131 1700 1196 1748 ut
1249 1688 1348 1749 ille
1389 1698 1680 1747 suasserat
1721 1688 2143 1761 sedentemque
2188 1684 2267 1742 ad

276 1773 548 1845 tumbam
592 1784 780 1844 sancti
825 1784 1126 1844 infirmitas
1173 1796 1412 1862 tangere
1460 1803 1836 1862 nequaquam
1880 1779 2267 1859 praesumsit;

278 1885 424 1960 quin
451 1884 513 1943 in
544 1895 773 1943 tantum
801 1883 1015 1942 timens
1043 1883 1280 1959 aufugit,
1310 1893 1375 1942 ut
1402 1902 1516 1942 nec
1544 1883 1804 1942 secunda
1833 1881 1928 1940 die
1956 1898 2068 1938 nec
2097 1878 2268 1939 tertia

277 2002 475 2058 neque
513 2001 796 2058 umquam
835 1980 1048 2041 exinde
1087 2001 1221 2041 eum
1258 1984 1504 2041 auderet
1540 1981 1893 2056 contingere.
1980 1979 2141 2056 quod
2187 1978 2270 2035 ita

186 2098 253 2158 15
280 2095 410 2137 esse
436 2089 670 2152 gestum
698 2076 799 2153 qui
825 2078 1111 2136 referebat
1139 2076 1283 2136 mihi
1311 2078 1486 2136 frater
1511 2077 1650 2135 inde
1679 2074 2019 2146 adueniens,
2051 2072 2268 2132 adiecit

280 2172 447 2247 quod
473 2190 549 2230 eo
578 2170 777 2230 adhuc
813 2183 1081 2254 tempore
1117 2191 1238 2248 quo
1276 2191 1511 2230 mecum
1552 2173 1904 2246 loquebatur
1940 2178 2270 2243 superesset

278 2268 340 2328 in
386 2270 606 2328 eodem
651 2266 1007 2327 monasterio
1050 2267 1170 2326 iam
1213 2268 1441 2327 iuuenis
1484 2266 1581 2326 ille
1630 2268 1690 2325 in
1736 2284 1856 2341 quo
1903 2277 2043 2324 tunc
2083 2281 2268 2339 puero

275 2364 499 2422 factum
529 2373 653 2421 erat
679 2363 795 2421 hoc
821 2363 1165 2421 miraculum
1198 2362 1475 2422 sanitatis,
1562 2381 1673 2421 nec
1701 2361 2032 2419 mirandum
2059 2375 2267 2433 preces

276 2459 433 2534 regis
460 2456 617 2515 illius
646 2457 761 2515 iam
799 2477 936 2516 cum
975 2458 1220 2517 domino
1256 2456 1550 2533 regnantis
1587 2458 1838 2515 multum
1874 2455 2071 2512 ualere
2108 2453 2269 2528 apud

180 2578 255 2616 20
278 2572 439 2623 eum,
480 2550 586 2627 qui
641 2552 978 2628 temporalis
1031 2552 1195 2628 regni
1236 2552 1635 2627 gubernacula
1673 2562 1883 2609 tenens
1925 2546 2110 2624 magis
2161 2565 2269 2624 pro

277 2659 524 2708 aeterno
567 2666 800 2724 semper
839 2649 1104 2707 laborare
1145 2667 1216 2706 ac
1257 2648 1558 2723 deprecari
1599 2649 1842 2707 solebat.

402 2745 683 2821 Denique
710 2746 901 2803 ferunt
927 2744 1065 2820 quia
1091 2765 1127 2802 a
1154 2755 1420 2821 tempore
1456 2741 1780 2804 matutinae
1813 2742 2001 2802 laudis
2040 2741 2271 2817 saepius

276 2842 356 2901 ad
395 2842 558 2901 diem
595 2860 786 2917 usque
822 2842 885 2899 in
922 2841 1283 2901 orationibus
1320 2841 1634 2918 perstiterit
1666 2852 1844 2915 atque
1881 2841 1961 2898 ob
2000 2840 2271 2897 crebrum

275 2956 509 2997 morem
552 2937 762 2996 orandi
803 2935 927 2995 siue
962 2938 1172 3013 gratias
1207 2936 1423 3012 agendi
1458 2935 1706 2995 domino
1744 2954 1975 3010 semper
2010 2934 2275 2994 ubicum-

177 3062 209 3100 2
215 3058 249 3117 5
278 3054 399 3111 que
442 3035 656 3094 sedens
693 3033 932 3109 supinas
971 3052 1148 3109 super
1181 3051 1377 3108 genua
1417 3051 1522 3090 sua
1564 3050 1776 3089 manus
1813 3032 2031 3090 habere
2067 3029 2272 3089 solitus

277 3133 387 3193 sit.-
458 3134 766 3207 uulgatum
815 3140 903 3190 est
956 3141 1155 3190 autem
1204 3141 1264 3190 et
1292 3110 1374 3188 xin
1429 3128 1921 3187 consuetudinem
1975 3125 2272 3202 prouerbii

277 3246 519 3286 uersum
574 3227 737 3302 quod
791 3226 971 3286 etiam
1026 3225 1179 3284 inter
1230 3226 1413 3284 uerba
1466 3221 1747 3282 orationis
1804 3222 1985 3279 uitam
2042 3219 2268 3279 finierit.

278 3340 425 3380 nam
453 3339 587 3378 cum
614 3320 789 3380 armis
816 3332 876 3381 et
902 3320 1172 3380 hostibus
1205 3318 1628 3393 circumseptus
1661 3315 2016 3389 iamiamque
2046 3314 2274 3372 uideret

283 3434 349 3476 se
407 3433 540 3474 esse
582 3415 1009 3492 perimendum,
1056 3414 1244 3475 orauit
1298 3434 1406 3492 pro
1461 3412 1773 3474 animabus
1828 3410 2114 3479 exercitus
2163 3407 2270 3465 sui.
