2567 3750
370 168 598 251 noim]
909 200 915 207 ·
1208 188 1510 238 ALCUJN.
2235 177 2345 251 183

488 318 584 376 De
639 316 935 393 opusculis
989 337 1133 377 uero
1188 319 1399 378 beatae
1450 315 1871 378 recordationis
1925 319 2140 389 Baeda„
2182 335 2348 394 quae

368 412 562 472 adhuc
590 413 881 490 descripta
916 433 1039 474 non
1076 416 1275 489 habeS‚
1308 414 1587 492 promitto
1624 435 1736 489 me,
1768 415 1816 474 si
1853 414 2183 489 uixerimm,
2213 425 2348 475 tuae

366 507 659 569 uoluntati
685 509 1113 570 adiuuaturum.

528 627 711 686 abbas
753 628 1112 687 Gutberctus
1154 637 1272 687 tete
1314 627 1406 687 bis
1447 637 1652 703 terque
1694 629 1907 689 salutat
1924 638 1957 702 ς’

307 731 339 790 5
527 735 587 784 te
627 726 773 786 deus
815 725 1191 802 omnipotens
1228 728 1455 785 saluum
1498 732 1810 786 conseruet
1849 725 1913 785 in
1952 744 2187 789 aeuum

1316 918 1410 974 IX

378 1041 810 1164 DISCANT
861 1042 1028 1118 pueri
1088 1042 1396 1119 scripturas
1461 1062 1669 1116 sacraS‚
1725 1055 1793 1103 ut
1849 1055 2042 1105 aetate
2095 1047 2354 1121 perfecta

582 1137 858 1197 ueniente
912 1137 1058 1197 alios
1114 1139 1327 1198 docere
1380 1138 1623 1215 possint.
1662 1138 1667 1145 ’
1725 1136 1828 1215 qui
1880 1161 2004 1200 non
2059 1141 2231 1201 discit
2290 1141 2354 1199 in

367 1229 628 1307 pueritia,
672 1252 795 1293 non
832 1234 1008 1293 docet
1042 1233 1104 1295 in
1140 1244 1458 1294 senectute,
1558 1233 1877 1310 recogitate
1920 1234 2353 1295 nobilissimum

270 1352 342 1391 10
368 1329 551 1388 nostri
606 1330 886 1408 temporis
940 1330 1281 1408 magistrum
1350 1331 1613 1389 Baedam
1675 1332 2114 1407 presbyterum:
2180 1334 2352 1408 quale

366 1423 570 1484 habuit
610 1423 672 1484 in
711 1418 1014 1486 iuuentute
1062 1425 1327 1486 discendi
1376 1425 1652 1499 studium,
1700 1428 1937 1501 qualem
1976 1445 2137 1485 nunc
2176 1427 2355 1486 habet

366 1518 518 1581 inter
542 1522 814 1582 homines
845 1523 1100 1596 laudem,
1131 1524 1322 1582 multo
1348 1521 1630 1582 maiorem
1667 1523 1828 1599 apud
1869 1523 2050 1582 deum
2089 1541 2354 1582 remune-

365 1616 609 1676 rationis
648 1617 905 1695 gloriam.
990 1617 1143 1676 illius
1184 1616 1359 1694 igitur
1399 1620 1668 1694 exemplo
1709 1617 2066 1677 dormientes
2103 1616 2353 1677 excitate

369 1733 614 1774 ammos·

270 1876 338 1935 15
1328 1858 1389 1916 X

374 1982 590 2110 SED
645 1996 706 2044 et
759 1987 1103 2061 angelorum
1145 1983 1512 2045 uisitationes
1559 1988 1692 2046 loca
1738 1997 1942 2046 sancta
1986 1988 2354 2065 frequentare

552 2102 676 2143 non
719 2083 966 2142 dubium
1009 2093 1111 2142 est.
1193 2084 1374 2141 fertur
1408 2083 1567 2142 enim
1610 2084 1950 2161 magistrum
1987 2095 2254 2144 nostrum
2296 2096 2355 2144 et

366 2190 626 2240 uestrum
672 2192 986 2258 patronum
1038 2184 1281 2242 beatum
1337 2181 1552 2240 dixisse
1607 2184 1902 2242 Baedam:
1961 2186 2085 2256 scio,
2140 2185 2356 2258 angelos

368 2279 608 2336 mis-itare
637 2278 928 2337 canonicas
964 2279 1140 2337 horas
1177 2285 1232 2335 et
1265 2280 1693 2353 congrffatz’ones
1713 2280 2023 2354 fraternas
2037 2303 2063 2351 ‚·
2109 2281 2265 2355 quid,
2302 2281 2359 2336 si

268 2397 342 2436 20
368 2376 452 2433 ibi
500 2393 589 2432 me
636 2394 749 2433 non
807 2375 1111 2432 inueniunt
1166 2376 1318 2433 inter
1346 2375 1576 2449 fratres
1595 2379 1623 2433 2
1673 2395 1857 2435 nonne
1903 2377 2075 2435 dicere
2116 2378 2354 2435 habent:

370 2472 506 2532 ‘ubi
544 2482 634 2531 est
674 2472 918 2531 Baeda?
958 2489 1138 2548 quare
1166 2490 1292 2531 non
1319 2471 1484 2531 uenit
1519 2472 1594 2530 ad
1624 2472 1918 2531 orationes
1946 2482 2192 2532 statutas
2218 2490 2353 2531 cum

366 2564 637 2624 fratribus
653 2566 703 2624 ?'

1314 2723 1408 2779 XI

526 2838 1135 2964 TEMPORIBVS
1176 2838 1381 2919 primis
1419 2837 1662 2915 praefati
1702 2836 1982 2914 praesulis
2021 2837 2194 2897 huius

270 2963 337 3022 25
702 2938 1007 3013 presbyter
1046 2935 1293 2996 eximius
1332 2933 1571 3008 meritis,
1615 2933 1971 3021 cognomine
2012 2933 2195 3006 Beda,

461 3071 484 3105 ⁶
516 3073 757 3122 Alcuinus
777 3073 975 3136 writing
994 3079 1047 3122 to
1068 3073 1153 3122 the
1173 3072 1355 3122 monks
1380 3072 1440 3121 of
1465 3071 1789 3121 Wearmouth
1820 3070 1919 3119 and
1948 3070 2139 3133 Jarrow
2169 3084 2237 3117 on
2268 3068 2363 3118 the.

366 3136 589 3186 invasion
610 3137 667 3186 of
692 3138 776 3186 the
799 3138 1080 3186 Northmen
1102 3138 1225 3186 after
1247 3139 1276 3186 8
1297 3138 1426 3200 June
1451 3148 1542 3199 793
1569 3134 1711 3199 (epist
1735 3149 1795 3195 27
1819 3151 1853 3198 p
1878 3150 1973 3183 200
1991 3133 2153 3197 Jaffe).

462 3199 504 3232 ²⁵
537 3202 681 3250 Idem
719 3202 847 3263 epist
884 3214 978 3263 274
1005 3217 1041 3265 p
1072 3204 1166 3263 844
1195 3200 1265 3262 (to
1301 3201 1386 3249 the
1422 3200 1602 3248 monks
1636 3199 1693 3247 of
1721 3200 1780 3249 St
1807 3196 1991 3247 Peter's
2025 3196 2351 3246 Wearmouth

367 3264 535 3318 before
556 3268 651 3328 804
673 3268 793 3327 AD).
867 3265 936 3315 Cf
953 3265 1384 3315 Haddan-Stubbs
1405 3276 1472 3312 111
1496 3276 1605 3325 471.

462 3326 506 3359 2³
538 3329 781 3379 Alcuinus
802 3329 865 3378 de
887 3330 1067 3379 sanetis
1089 3330 1285 3379 Eborac
1308 3328 1413 3378 eccl
1439 3331 1771 3391 1287—1317.

463 3391 508 3424 ²⁴²
544 3391 732 3443 ‘huius’
755 3393 987 3457 Ecgbert.
