2567 3750
286 200 480 279 (31)=
502 199 601 282 29]
845 220 941 268 oF
976 188 1448 267 EADBERCT’S
1485 208 1788 267 DEATAE'
1820 176 1824 183 ’
2152 204 2262 278 159

286 348 519 421 affectu,
579 352 595 381 ‘
615 350 805 408 noua'
859 346 1049 424 inquit
1108 347 1484 406 ‘indumenta
1536 347 1765 423 corpori
1817 365 1924 422 pro
1978 345 2067 404 his
2101 334 2283 421 'quaeo

288 443 498 502 tulistis
548 443 925 514 circumdate,
972 454 1030 502 et
1074 442 1157 502 sic
1202 443 1468 518 reponite
1516 442 1577 501 in
1614 463 1748 502 arca
1785 462 1961 518 quam
1999 440 2259 517 parastis,

287 539 411 598 scio
439 549 637 598 autem
666 538 986 598 certissime
1025 539 1160 614 quia
1194 559 1318 598 non
1357 539 1457 597 diu
1495 558 1713 598 uacuus
1747 538 2071 620 remanebit
2097 539 2263 596 locus
2298 538 2301 543 ’

287 634 385 694 ille
413 635 513 710 qui
541 645 706 694 tanta
733 635 997 693 miraculi
1024 635 1289 694 caelestis
1325 635 1507 710 gratia
1537 645 1795 694 sacratus
1834 644 1920 693 est
1940 655 1957 708 3
1997 644 2056 692 et
2084 653 2261 710 quam

224 759 254 816 5
287 732 492 792 beatus
532 743 620 791 est
653 732 749 791 cui
783 733 844 790 in
879 752 951 792 eo
992 734 1331 791 facultatem
1375 731 1719 808 quiescendi
1762 731 2036 790 dominus
2082 724 2280 790 totius⁸

286 826 664 887 beatitudinis
718 840 922 887 auctor
974 837 1151 902 atque
1218 826 1454 902 largitor
1520 837 1811 901 praestare
1879 824 2211 900 dignabitur
2234 829 2262 885 l’

284 925 433 982 haec
463 934 519 983 et
555 923 894 983 huiusmodi
931 925 1097 998 plura
1132 923 1233 983 ubi
1271 923 1468 982 multis
1510 943 1645 981 curn
1686 922 1935 982 lacrimis
1965 934 2022 982 et
2053 942 2264 999 magna

284 1019 741 1094 compunctione
795 1021 1036 1078 antistes
1101 1019 1299 1096 lingua
1353 1020 1529 1079 etiam
1583 1031 1868 1080 tremente
1925 1021 2261 1096 compleuit,

284 1114 547 1171 fecerunt
571 1115 771 1172 fratres
799 1125 864 1172 ut
891 1114 1149 1186 iusserat,
1182 1125 1240 1174 et
1269 1114 1596 1174 inuolutum
1626 1134 1785 1174 nouo
1807 1114 2020 1174 amictu
2051 1134 2262 1191 corpus

190 1227 261 1264 10
286 1228 563 1283 nouaque
597 1209 659 1267 in
695 1211 864 1268 theca
901 1210 1269 1269 reconditum
1304 1231 1478 1286 supra
1513 1210 1916 1287 pauimentum
1953 1213 2263 1273 sanctuarii

287 1315 623 1378 posuerunt.
695 1324 807 1362 nec
833 1325 1012 1376 mora,
1044 1306 1160 1364 deo
1190 1305 1436 1364 dilectus
1463 1306 1704 1366 antistes
1733 1309 2027 1366 Eadberct
2052 1309 2262 1367 morbo

287 1408 587 1472 correptus
623 1408 712 1456 est
748 1399 976 1470 acerbo,
1021 1418 1092 1457 ac
1131 1419 1235 1474 per
1275 1399 1400 1458 dies
1442 1410 1739 1459 crescente
1776 1402 2140 1476 multumque
2181 1402 2264 1463 in-

286 1504 664 1569 grauescente
692 1496 897 1554 ardore
937 1495 1229 1571 languoris
1269 1515 1391 1554 non
1424 1497 1610 1555 multo
1649 1507 1802 1571 post,
1844 1495 1905 1555 id
1948 1509 2034 1556 est
2075 1497 2261 1571 pridie

290 1608 478 1649 nonas
508 1591 714 1663 Maias,
745 1591 919 1650 etiam
949 1591 1074 1667 ipse
1103 1591 1372 1667 migrauit
1400 1593 1480 1650 ad
1505 1591 1830 1664 dominum,
1856 1591 2021 1651 cuius
2049 1612 2261 1669 corpus

192 1710 258 1768 15
289 1684 351 1742 in
392 1685 702 1759 sepulchro
739 1686 1035 1745 benedicti
1072 1687 1248 1762 patris
1292 1686 1614 1747 Cudbercti
1650 1698 1938 1763 ponentes
1974 1690 2262 1763 adposue-

289 1791 423 1838 runt
452 1781 704 1855 desuper
729 1800 923 1838 arcam
945 1780 1013 1839 in
1048 1801 1165 1857 qua
1200 1781 1538 1858 incorrupta
1575 1782 1837 1841 eiusdem
1869 1782 2047 1859 patris
2084 1802 2263 1841 mem-

290 1878 395 1935 bra
423 1878 773 1939 locauerant.
818 1878 880 1936 in
909 1898 1027 1955 quo
1055 1879 1232 1937 etiam
1261 1881 1395 1939 loco
1425 1879 1587 1956 signa
1607 1879 1927 1938 sanitatum
1955 1879 2262 1956 aliquoties

289 1975 444 2032 facta
470 1974 690 2032 meritis
726 1975 1032 2033 amborum
1070 1963 1487 2035 testimouium*
1506 1978 1714 2047 ferunt,
1746 1995 1779 2035 e
1821 1976 2031 2052 quibus
2068 1975 2264 2052 aliqua

290 2067 351 2126 in
378 2069 527 2128 libro
554 2068 708 2127 uitae
737 2069 888 2128 illius
926 2070 1066 2128 olim
1102 2071 1417 2130 memoriae
1459 2070 1879 2131 mandauimuS.
1964 2071 2068 2130 sed
2103 2080 2161 2129 et
2201 2069 2264 2127 in
2367 2102 2370 2106 ,

193 2193 266 2231 20
290 2165 399 2222 hac
428 2164 666 2224 historia
692 2167 980 2240 quaedam
1008 2185 1156 2241 quae
1184 2174 1295 2225 nos
1322 2186 1507 2242 nuper
1531 2166 1762 2226 audisse
1791 2166 2046 2242 contigit,
2073 2184 2264 2243 super·

290 2261 521 2320 adicere
550 2263 930 2321 commodum
960 2261 1246 2321 duximus,

1128 2488 1390 2571 [xxxr]

304 2633 594 2756 ERAT
646 2636 708 2694 in
763 2636 975 2695 eodem
1049 2636 1406 2695 monasterio
1476 2638 1647 2696 frater
1715 2636 1955 2712 quidam
2021 2636 2260 2697 nomine

462 2732 805 2807 Badudegn‚
860 2742 1126 2805 tempore
1178 2750 1303 2789 non
1356 2751 1548 2807 pauco
1602 2731 1900 2807 hospitum
1943 2731 2261 2792 ministerio

196 2849 256 2903 25
291 2828 643 2899 deseruienS‚
674 2827 777 2902 qui
804 2846 963 2886 nunc
987 2846 1173 2901 usque
1202 2836 1483 2903 superest,
1510 2826 1908 2886 testimonium
1934 2828 2159 2885 habens
2184 2828 2261 2885 ab

289 2925 571 2984 uniuersis
625 2923 892 2982 fratribus
936 2923 1281 2998 cunctisque
1327 2921 1870 2998 superuenientibus
1915 2921 2270 2998 hospitibuS,-

289 3023 450 3096 quod
477 3020 566 3079 uir
593 3029 746 3078 esset
773 3021 991 3078 multae
1019 3018 1253 3095 pietatis
1296 3038 1365 3077 ac
1399 3017 1691 3094 religionis
1733 3017 2113 3092 iniunctoque
2146 3015 2263 3075 sibi

289 3117 484 3176 officio
512 3134 795 3192 supernae
823 3126 1051 3173 tantum
1092 3113 1385 3173 mercedis·
1415 3114 1598 3189 gratia
1634 3112 1917 3188 subditus·
2000 3111 2098 3169 hic
2123 3129 2270 3169 cum:

289 3214 546 3287 quadam
575 3211 670 3271 die
698 3214 859 3270 lenas
886 3210 1008 3269 siue
1046 3230 1185 3286 saga
1218 3210 1429 3286 quibus
1468 3209 1532 3270 in
1570 3208 1855 3285 hospitale
1892 3208 2161 3267 utebatur
2200 3205 2261 3264 in

190 3339 265 3394 30
293 3308 435 3366 mari
490 3310 758 3381 lauasset,
831 3306 1061 3366 rediens
1131 3309 1378 3366 domum
1446 3305 1749 3382 repentina
1780 3303 2001 3379 ⁸medio
2054 3301 2261 3362 itinere

313 3427 353 3459 ²⁸
387 3443 554 3476 aceruo
582 3442 674 3478 ma.
806 3425 848 3462 ²⁸
879 3427 934 3475 in
958 3442 1016 3490 pr
1037 3441 1169 3476 man.
1325 3422 1366 3454 ²²
1400 3424 1621 3472 ·adiecere
1640 3438 1728 3474 ms,
1850 3421 1905 3460 -22
1926 3420 2124 3469 XXIX
2139 3434 2229 3468 ms,

2370 3607 2530 3715 ,A
