2567 3750
305 232 376 286 18

363 375 493 424 XIV

375 584 478 632 XV

357 730 488 778 XVI

340 877 500 926 XVII

322 1021 511 1068 XVIII

311 1099 527 1147 XVIIII

367 1309 470 1357 XX

350 1514 482 1562 XXI

337 1659 499 1706 XXII

321 1802 514 1850 XXIII

305 2011 529 2060 XXIIII

336 2221 488 2268 XXV

327 2365 509 2413 XXVI

303 2508 515 2556 XXVII

281 2651 523 2698 XXVIII

769 247 1159 297 CHAPJERS
1204 247 1299 295 OF
1341 246 1575 294 THJRD
1616 244 1831 293 BOOK.

594 377 662 426 Ut
679 375 896 438 deffuncto
917 377 1132 424 Paulino
1144 376 1377 424 Ithamar
1381 384 1477 438 pro
1497 393 1544 424 eo
1574 375 1823 438 Hrofensis
1843 373 2046 422 ecclesias
2053 373 2275 435 praesul-

619 447 755 487 atum
788 442 1035 502 susceperit
1078 448 1120 488 et
1156 441 1212 488 de
1241 441 1515 488 lzumz'sztate
1545 440 1768 487 mirabili
1801 440 1923 502 regis
1963 437 2154 492 Osuini,
2190 438 2279 500 qui

613 506 674 552 ab
702 505 853 552 Osuiu
874 506 1056 552 cruak’li
1072 506 1205 552 caede
1212 511 1455 566 peremtus
1474 511 1552 552 est.

558 586 567 599 '
593 585 660 633 Ut
677 585 911 647 episcopus
931 587 978 632 A
983 586 1104 633 zdan
1127 586 1293 633 nautis
1321 592 1364 632 et
1387 591 1695 648 tempestatem
1714 584 1952 648 suturam
1974 583 2278 646 praedixerit

612 655 656 696 et
673 650 827 696 oleum
847 656 1069 696 sanctum
1090 665 1182 712 quo
1203 651 1334 696 hanc
1353 651 1573 697 sedarent
1592 650 1779 697 dederit.

591 730 656 778 Ut
696 731 857 844 idemt
859 732 1106 779 admotum
1148 732 1209 780 ab
1256 732 1467 781 hostibus
1519 732 1634 781 urbi
1682 732 1848 796 regiae
1885 733 2045 810 ignem
2089 731 2275 779 orando

611 810 823 843 amoueri

591 877 657 925 Ut
675 882 868 938 apposta
899 876 1104 924 ecclesiae
1132 878 1216 925 cui
1242 878 1365 925 idem
1398 879 1683 925 adcumbens
1702 879 1879 925 obierat
1903 876 2100 925 ardente
2126 882 2272 923 cetera

609 941 744 987 domo
751 939 979 1001 flammis
999 942 1191 989 absumi
1209 943 1478 1004 nequiuerit
1488 958 1511 1000 ,·
1542 950 1585 990 et
1604 944 1660 990 de
1678 943 1874 990 interna
1897 942 2001 988 uita
2022 941 2134 988 eius.

578 1021 654 1067 De
671 1020 775 1067 uita
796 1020 877 1067 uel
895 1026 1042 1068 morte
1059 1022 1269 1083 religiosi
1286 1023 1417 1084 regis
1436 1023 1677 1085 Szjgbercti.

585 1101 652 1149 Ut
670 1101 881 1147 Furseus
902 1101 1039 1162 apud
1061 1101 1327 1148 Orientales
1346 1102 1533 1163 Anglos
1569 1101 1913 1148 monasterium
1928 1099 2111 1161 ficerz't,
2148 1105 2194 1146 et
2216 1099 2273 1146 de

608 1163 871 1211 uis-ionibus
892 1165 971 1210 uel
986 1165 1234 1212 sanctitate
1255 1166 1369 1223 eius,
1408 1165 1491 1213 cui
1517 1166 1660 1214 etiam
1692 1180 1803 1213 caro
1823 1171 1936 1227 post
1965 1170 2160 1211 mortem
2192 1163 2270 1210 in·

608 1235 834 1289 corrupta
854 1228 1174 1275 testimonium
1188 1229 1497 1290 perhibuerit.
2183 1249 2190 1255 ·

583 1311 649 1360 Ut
667 1310 886 1372 defuncto
912 1311 1126 1358 Honorio
1146 1311 1434 1373 pontificatu
1466 1311 1531 1358 sit
1545 1309 1755 1372 functus
1789 1308 2082 1365 Deusdedit;
2111 1314 2156 1356 et
2183 1308 2274 1370 qui

606 1381 808 1436 tempore
837 1375 921 1420 illo
959 1375 1280 1422 Orientalium
1314 1378 1361 1422 A
1368 1391 1439 1438 n
1409 1377 1611 1431 crloru‚m
1646 1375 1736 1438 qui
1765 1373 2024 1435 Hrofensis
2061 1373 2273 1419 ecclesiae

591 1439 794 1501 ficerint
811 1437 1054 1486 antistites.

579 1516 647 1564 Ut
675 1515 936 1577 prouincia
978 1517 1442 1565 Mediterraneorum
1484 1519 1531 1565 A
1538 1518 1765 1580 nglorum
1817 1515 1905 1563 sub
1956 1530 2061 1578 rege
2104 1515 2269 1562 Peada

612 1579 716 1626 Chr
715 1580 895 1627 istiana
916 1580 1139 1642 sitfacta.

585 1660 652 1708 Ut
677 1660 936 1707 Orientales
957 1662 1168 1708 Saxones
1186 1660 1338 1723 fidem
1360 1677 1507 1724 quam
1531 1661 1716 1708 dudum
1738 1660 2019 1718 abiecerunt,
2047 1658 2133 1706 sub
2167 1674 2271 1721 rege

607 1723 736 1784 Snge
733 1730 839 1770 reto
854 1726 1158 1785 praedicante
1182 1727 1333 1773 Ceddo
1356 1726 1617 1788 receperint.

587 1804 654 1851 Ut
672 1803 793 1849 idem
815 1803 1049 1879 episcopus
1076 1805 1206 1851 Cedd
1222 1804 1376 1851 locum
1401 1805 1680 1852 monasterii
1699 1803 2009 1851 construendi
2025 1804 2085 1850 ab
2113 1803 2267 1851 Oidil-

606 1867 752 1914 ualdo
784 1882 886 1929 rege
915 1868 1142 1928 accipiens
1162 1869 1455 1932 orationibus
1476 1886 1533 1916 ac
1564 1869 1759 1917 ieiuniis
1780 1869 2000 1917 Domino
2027 1884 2266 1926 consecra-

605 1932 731 1979 uerz't
740 1947 764 1989 ;
795 1939 838 1979 et
856 1933 912 1980 de
929 1934 1053 1979 obitu
1075 1933 1237 1994 ipsius.

580 2013 647 2061 Ut
690 2012 950 2074 prouincia
1008 2014 1306 2061 Merciorum
1359 2013 1500 2061 occiso
1544 2028 1643 2074 rege
1683 2013 1851 2060 Penda
1884 2010 2032 2073 fidem
2083 2011 2274 2059 Christi

601 2077 862 2138 susceperit,
900 2083 945 2124 et
981 2078 1133 2124 Osuiu
1156 2085 1252 2139 pro
1284 2077 1451 2139 adepta
1494 2078 1695 2124 uictoria
1720 2076 2024 2137 possessiones
2053 2082 2099 2123 et
2125 2078 2268 2123 terri-

602 2142 728 2188 toria
749 2142 829 2187 deo
851 2142 921 2187 ad
936 2141 1251 2189 construenda
1274 2142 1563 2189 monasteria
1586 2142 1774 2188 dederit.

579 2222 646 2270 Ut
678 2221 884 2283 quaestio
916 2222 979 2268 sit
1012 2229 1139 2269 mota
1172 2223 1229 2268 de
1255 2227 1457 2283 tempore
1480 2221 1692 2283 paschae
1717 2220 1948 2267 aduersus
1983 2234 2055 2267 eos
2088 2221 2180 2282 qui
2212 2220 2271 2267 de

602 2286 777 2332 Scottia
799 2292 1045 2333 uenerant.

579 2365 646 2413 Ut
668 2366 874 2413 Colman
896 2366 1052 2413 uictus
1079 2366 1275 2413 domum
1301 2365 1492 2414 rea'ierit¹
1522 2371 1565 2412 et
1597 2366 1646 2412 T
1637 2364 1737 2411 uda
1758 2372 1856 2427 pro
1888 2363 1971 2412 illo
2002 2363 2267 2426 episcopatu

605 2430 669 2477 sit
670 2429 897 2489 functus
926 2430 1172 2492 qualisque
1190 2431 1289 2478 illis
1310 2430 1571 2478 doctoribus
1576 2430 1743 2490 suerit
1760 2429 1951 2476 habitus
1970 2429 2189 2478 ecclesiae.

578 2509 645 2557 Ut
663 2509 892 2570 Ecgberct
910 2510 996 2555 uir
1013 2515 1208 2556 sanctus
1239 2509 1296 2557 de
1325 2509 1520 2557 natione
1538 2511 1583 2557 4
1590 2508 1816 2571 ncrlorum
1846 2507 2177 2554 monachicam
2206 2507 2266 2555 in

597 2573 839 2620 blebernia
859 2573 1015 2621 uitam
1036 2573 1243 2620 duxerit.

576 2652 643 2699 Ut
672 2653 710 2698 d
704 2651 890 2712 functo
925 2653 1068 2700 Tuda
1111 2652 1298 2714 Vilfrid
1334 2654 1389 2700 in
1434 2651 1611 2708 Galli,a
1651 2651 1838 2702 Ceadda
1870 2618 2009 2712 apud
2041 2650 2265 2698 Occiden-

599 2717 713 2763 tales
734 2717 958 2776 Saxones,
986 2716 1042 2764 in
1065 2717 1327 2779 prouincia
1358 2715 1886 2777 Nordanhymbrorum
1917 2714 2019 2761 sint
2047 2714 2272 2763 ordinati

597 2781 804 2842 episcopi.

282 2859 551 2908 XXVIIII
576 2862 643 2909 Ut
685 2861 908 2922 Viglzard
923 2862 1097 2923 presby
1082 2868 1166 2909 ter
1195 2861 1505 2909 ordinandus
1529 2860 1586 2908 in
1616 2858 2015 2921 archiepiscopum
2048 2859 2264 2907 Romam

331 3066 484 3113 XXX

598 2926 650 2972 de
688 2926 944 2972 Brittania
980 2927 1048 2972 sit
1089 2927 1293 2973 missus:
1336 2941 1475 2988 quem
1520 2924 1715 2972 remissa
1749 2939 1862 2970 mox
1896 2923 2074 2985 scripta
2101 2930 2270 2986 papae

596 2990 836 3050 apostolici
853 2989 1022 3037 ibidem
1045 2990 1185 3037 obisse
1203 2990 1541 3037 narraucrimt

578 3067 644 3115 Ut
690 3068 956 3116 Orz'entales
998 3070 1210 3116 Saxones
1257 3075 1459 3130 tempore
1504 3066 1813 3115 mortalitatis
1860 3063 1931 3111 ad
1979 3065 2263 3115 idolatriam

598 3133 786 3189 reuersi,
819 3134 901 3180 scd
916 3141 1013 3195 per
1041 3133 1332 3181 instantiam
1355 3132 1664 3180 larumanni
1692 3130 1891 3195 episcopi
1922 3146 2035 3178 mox
2066 3130 2171 3177 sint
2199 3133 2265 3179 ab

594 3202 753 3244 errore
769 3198 974 3244 correcti.

1099 3358 1118 3387 ³
1140 3359 1306 3400 cruditi
1330 3372 1404 3400 ms.
