2567 3750
292 206 401 263 186
751 217 1089 268 WJLLJAM
1129 218 1226 268 oF
1258 217 1797 268 MALMESBURK
2043 199 2267 282 [frasn-

401 349 431 420 ἓ
476 363 547 423 57
634 346 852 406 Deficit
904 345 1004 405 hic
1056 345 1374 423 ingenium,
1433 346 1763 406 succumbit
1810 346 2126 422 eloquium,
2168 366 2269 406 ne-

285 442 521 503 scientis
559 442 702 520 quid
741 444 873 519 plus
911 443 1165 515 laudem,
1203 443 1484 503 librorum
1522 442 2000 503 numerositatem
2039 463 2117 502 an
2158 463 2270 503 ser-

284 556 530 598 monum
597 537 1013 599 sobrietatem:
1083 537 1376 598 infuderat
1444 557 1581 598 eum
1647 542 1853 616 procul
1907 540 2093 600 dubio
2146 559 2268 599 non

284 633 530 710 indigno
573 636 787 695 haustu
835 633 1038 693 diuina
1084 634 1388 710 sapientia,
1429 645 1496 695 ut
1535 645 1784 711 angusto
1823 634 1980 696 uitae
2021 636 2270 713 spatiolo

286 742 452 791 tanta
477 733 802 792 elaboraret
827 730 1143 792 uolumina.
1213 731 1357 809 quid
1373 734 1401 791 P
1441 733 1604 807 quod
1631 733 1823 792 ferunt
1850 751 1986 792 eum
2015 735 2269 793 Romam
2338 741 2368 802 5

286 826 480 899 iuisse‚
514 837 578 886 ut
619 827 797 886 libros
840 846 976 886 suos
1014 828 1110 886 uel
1152 827 1584 888 ecclesiasticae
1627 827 1929 887 doctrinae
1957 826 2272 888 conuenire

288 943 579 1012 praesens·
612 921 909 995 assereret,
954 924 1065 995 uel,
1108 922 1156 982 si
1195 925 1555 995 resultarent,
1599 924 1926 1000 apostolico
1966 935 2113 984 nutu
2152 943 2275 984 cor-

287 1017 516 1094 riperet.
586 1030 991 1077 uerumtamen
1020 1019 1181 1094 quod
1211 1020 1442 1078 Romae
1470 1018 1639 1078 fuerit
1666 1019 1852 1079 solide
1880 1037 2003 1079 non
2029 1019 2273 1091 affirm0,

289 1117 397 1176 sed
434 1135 570 1176 eum
598 1114 737 1175 illuc
774 1115 1084 1175 inuitatum
1121 1116 1280 1174 haud
1318 1116 1498 1175 dubie
1534 1115 1850 1192 pronuntio
1867 1138 1886 1192 3
1928 1117 2091 1193 quod
2126 1117 2275 1176 haec

291 1211 539 1287 epistula
586 1213 806 1270 clarum
847 1211 1038 1283 faciet,
1085 1212 1259 1270 simul
1308 1220 1368 1271 et
1410 1210 1614 1287 quanti
1657 1211 1930 1288 penderit
1974 1232 2109 1272 eum
2157 1215 2276 1272 Ro-
2308 1230 2375 1268 10

291 1327 468 1366 mana
495 1308 665 1367 sedes
692 1318 757 1366 ut
786 1326 922 1366 eum
951 1317 1258 1383 tantopere
1286 1307 1660 1369 desideraret.

410 1407 439 1479 ἓ
467 1408 542 1481 58
595 1410 610 1438 ‘
629 1405 860 1481 Sergius
889 1403 1217 1481 episcopuS,
1241 1424 1443 1464 seruus
1465 1424 1767 1465 seruorum
1795 1403 1909 1476 dei,
1938 1404 2278 1466 Cheolfrido

291 1501 563 1579 religioso
622 1501 826 1562 abbati
889 1500 1675 1561 salutem....benedictionis
1736 1501 1960 1560 interea
2013 1499 2276 1578 gratiam,

292 1617 472 1674 quarn
500 1598 674 1658 nobis
700 1618 805 1675 per
828 1607 1199 1673 praesentem
1226 1597 1573 1674 portitorem
1600 1608 1700 1656 tua
1726 1596 1884 1657 misit
1910 1600 2130 1659 deuota
2155 1599 2279 1658 reli-

291 1696 406 1771 gio,
427 1693 632 1754 libenti
660 1705 719 1753 et
744 1693 911 1753 hilari
938 1694 1155 1766 anim0,
1179 1691 1352 1754 sicuti
1379 1694 1457 1752 ab
1485 1711 1558 1752 ea
1577 1692 1801 1751 directa
1821 1703 1926 1764 est,
1945 1711 2056 1751 nos
2084 1711 2279 1751 susce-
2309 1704 2373 1762 15
2422 1767 2428 1773 ι

291 1790 450 1867 pisse
502 1808 810 1865 cognosce.
912 1787 1217 1865 oportunis
1273 1806 1412 1865 ergo
1465 1807 1538 1848 ac
1591 1787 1782 1864 dignis
1829 1787 2280 1864 amplectendae

294 1885 703 1945 sollicitudinis
731 1896 865 1945 tuae
893 1884 1276 1962 petitionibus
1317 1884 1604 1945 artissima
1636 1883 1956 1946 deuotione
1992 1886 2277 1957 fauenteS,

294 1981 595 2040 hortamur
648 1981 763 2040 deo
832 1981 1109 2041 dilectam
1163 1980 1555 2057 religiositatis
1608 1990 1744 2040 tuae
1796 1978 2142 2052 bonitatem,
2192 1989 2277 2051 ut,

294 2076 435 2152 quia
461 2074 676 2135 exortis
705 2075 1057 2152 quibusdam
1086 2075 1613 2136 ecclesiasticarum
1649 2095 1953 2135 causarum
1990 2073 2279 2151 capitulis,

293 2190 418 2232 non
465 2170 592 2231 sine
639 2170 1071 2230 examinatione
1119 2170 1354 2247 longius
1400 2170 1858 2245 innotescendiS,
1908 2190 2061 2247 opus
2106 2170 2280 2231 nobis
2309 2183 2381 2221 20

294 2276 432 2327 sunt
471 2268 550 2327 ad
591 2267 1013 2326 conferendum
1060 2276 1182 2325 arte
1229 2266 1586 2327 litteraturae
1634 2266 1860 2341 imbuti,
1910 2266 2062 2328 sicut
2109 2267 2281 2326 decet

295 2364 577 2424 deuotum
622 2361 1024 2422 auxiliatorem
1069 2371 1310 2421 sanctae
1352 2360 1552 2420 matris
1593 2360 1936 2422 uniuersalis
1975 2360 2279 2431 ecclesiae,

294 2459 672 2522 obedientem
701 2458 1083 2519 deuotionem
1110 2458 1249 2517 huic
1274 2469 1510 2518 nostrae
1536 2456 1856 2518 hortationi
1881 2477 2004 2518 non
2037 2457 2282 2517 desistas

293 2555 761 2626 accommodare,
810 2554 916 2613 sed
968 2555 1195 2629 absque
1236 2553 1434 2630 aliqua
1486 2553 1901 2614 immoratione
1946 2552 2282 2629 religiosum

294 2652 394 2711 dei
418 2652 701 2709 famulum
730 2650 957 2708 Bedam
998 2649 1352 2709 uenerabilis
1392 2649 1733 2711 monasterii
1769 2648 1857 2709 tui
1882 2652 2282 2728 presbyterum
2311 2667 2383 2728 25

293 2747 370 2805 ad
398 2746 602 2806 limina
629 2747 1033 2823 apostolorum
1060 2744 1392 2822 principum
1419 2745 1797 2806 dominorum
1827 2762 2091 2804 meorum
2124 2743 2285 2802 Petri

295 2854 354 2904 et
409 2843 593 2918 Pauli,
650 2853 978 2903 amatorum
1038 2854 1268 2904 tuorum
1324 2861 1397 2901 ac
1449 2852 1863 2919 protectorum,
1918 2841 1999 2901 ad
2048 2850 2286 2900 nostrae

293 2938 715 2999 mediocritatis
743 2949 1129 3015 conspectum
1155 2957 1279 2998 non
1307 2937 1549 2998 moreris
1570 2935 1834 3013 dirigere,
1852 2954 2029 3013 quem
2048 2938 2288 2995 fauente

295 3033 540 3094 domino
583 3032 800 3093 sanctis
847 3032 963 3092 tuis
1009 3032 1282 3110 precibus
1330 3051 1454 3093 non
1502 3031 1735 3091 diffidas
1776 3050 2053 3109 prospere
2098 3031 2178 3090 ad
2224 3041 2287 3091 te

293 3126 499 3201 redire,
543 3137 782 3204 peracta
822 3126 1273 3204 praemissorum
1322 3126 1712 3204 capitulorum
1751 3146 1886 3186 cum
1926 3123 2145 3187 auxilio
2187 3126 2286 3187 dei
2310 3145 2387 3201 30

295 3221 628 3282 desiderata
681 3222 1092 3284 sollemnitate.
1184 3222 1294 3284 erit
1347 3223 1523 3299 enim,
1573 3235 1642 3285 ut
1694 3221 2063 3297 confidimus,
2109 3222 2284 3284 etiam

390 3369 434 3401 ²⁸
464 3385 542 3418 ms
565 3370 750 3418 Cotton
771 3371 925 3419 Tiber
945 3371 995 3419 A
1018 3387 1084 3421 xv
1109 3351 1350 3422 famulum
1380 3371 1465 3423 dei
1494 3371 1551 3421 N
1571 3369 1865 3421 uenerabilis
1884 3371 2168 3424 monasterii
2188 3371 2276 3420 tui.

295 3433 353 3483 cf
367 3434 797 3483 Haddan·stubbs
819 3446 885 3486 111
910 3438 1003 3497 248
1028 3449 1138 3501 249.
