2567 3750
323 217 395 272 26
659 234 754 283 OF
790 232 947 281 THE
988 232 1164 280 ΗΒΕ
1213 224 1310 281 oF
1345 232 1622 282 BJSHOP
1655 234 1941 284 AEDAN.
2113 258 2120 271 .
2171 214 2298 297 [ΙΙΙ

317 358 553 418 uantiae
580 360 818 419 decreta
851 370 1223 435 porrexerat3
1262 370 1497 419 tantum
1539 355 1611 420 ea
1653 380 1805 436 quae
1840 358 1904 419 in
1942 361 2302 438 propheticis

318 455 674 531 euangelicis
722 466 781 514 et
828 455 1167 530 apostolicis
1223 456 1439 515 litteris*
1477 456 1708 516 discere
1748 469 2021 533 poterant
2062 458 2298 534 pietatis

316 564 377 611 et
405 551 686 611 castitatis
719 571 898 627 opera
925 551 1236 627 diligenter
1268 554 1672 631 obseruanteS.
1755 555 2074 630 permansit
2100 565 2297 614 autem

314 647 650 707 huiusmodi
704 648 1078 707 obseruantia
1131 649 1425 724 paschalis
1479 661 1623 726 aput
1677 670 1781 711 eos
1835 662 2105 728 ternpore
2174 670 2297 712 non

312 763 526 820 pauc0,
553 733 698 803 'hoc
741 755 830 803 est
872 763 1062 820 usque
1109 746 1187 804 ad
1216 764 1453 803 ·annum
1498 745 1835 807 dominicae
1877 746 2298 808 incarnationis

314 843 502 903 dccxv
539 863 646 919 per
683 862 871 903 annos
912 845 983 902 cl.

432 940 512 998 At
552 950 695 998 tunc
733 938 1010 998 ueniente
1050 939 1127 999 ad
1170 957 1272 999 eos
1316 938 1789 1000 reuerentissimo
1829 950 1888 1000 et
1926 939 2297 999 sanctissimo

312 1044 476 1110 patre
514 1045 573 1093 et
601 1035 906 1093 sacerdote
936 1036 1268 1109 Ecgbercto
1304 1034 1379 1093 de
1417 1035 1661 1094 natione
1692 1037 2040 1110 Anglorum,
2086 1034 2190 1110 qui
2234 1036 2294 1094 in

313 1128 606 1188 Hibernia
649 1129 866 1188 diutius
909 1131 1246 1188 exulauerat
1282 1148 1390 1205 pro
1430 1131 1666 1191 Christo
1704 1141 1942 1205 eratque
1988 1141 2047 1189 et
2084 1130 2298 1190 doctis-

311 1224 494 1283 simus
521 1224 582 1283 in
611 1224 911 1300 scripturis
939 1235 998 1283 et
1025 1227 1238 1300 longae
1273 1223 1434 1282 uitae
1473 1223 1833 1299 perfectione
1867 1225 2131 1297 eximiuS,
2172 1244 2298 1284 cor-

308 1321 454 1380 recti
502 1334 638 1383 sunt
683 1342 788 1398 per
834 1342 972 1381 eum
1021 1332 1081 1380 et
1126 1322 1205 1380 ad
1259 1339 1466 1379 uerum
1521 1320 1992 1396 canonicumque
2039 1323 2295 1397 paschae

311 1413 523 1497 [diem]
553 1416 814 1476 translati
832 1440 850 1491 3
894 1436 1069 1492 quem
1107 1427 1304 1475 tamen
1344 1426 1404 1474 et
1437 1414 1614 1475 antea
1641 1435 1765 1475 non
1793 1435 2024 1492 semper
2056 1417 2118 1476 in
2155 1420 2297 1476 luna

309 1514 430 1572 xiiii
468 1534 602 1572 cum
648 1513 882 1572 Iudaeis
923 1524 990 1573 ut
1032 1513 1272 1589 quidam
1310 1515 1604 1584 rebantur,
1651 1514 1762 1572 sed
1805 1513 1867 1571 in
1910 1513 2006 1573 die
2050 1514 2296 1590 quidem

309 1608 624 1680 dominica,
674 1609 788 1667 alia
841 1619 1042 1668 tamen
1098 1628 1278 1685 quam
1334 1610 1590 1668 decebat
1645 1610 1985 1670 ebdomada
2037 1613 2296 1671 celebra-

304 1707 470 1765 bant.
556 1705 820 1765 sciebant
856 1705 1014 1764 enim
1049 1715 1115 1763 ut
1156 1704 1476 1764 Christiani
1512 1706 2001 1766 resurrectionem
2043 1708 2294 1768 domini-

309 1820 440 1859 cam
483 1820 633 1877 quae
681 1800 871 1878 prima
924 1799 1156 1859 sabbati
1200 1801 1357 1859 facta
1410 1812 1501 1860 est
1545 1801 1734 1877 prima
1777 1802 2009 1862 sabbati
2059 1823 2294 1881 semper

307 1916 436 1956 esse
471 1898 921 1972 celebrandam3
961 1899 1066 1957 sed
1102 1908 1167 1956 ut
1200 1896 1436 1956 barbari
1465 1908 1523 1956 et
1549 1897 1768 1971 rustici,
1798 1900 2041 1974 quando
2078 1901 2292 1959 eadem

305 1992 495 2069 prima
518 1995 768 2065 sabbati,
804 2013 875 2053 ea
915 2011 1068 2068 quae
1103 2011 1266 2052 nunc
1303 1992 1608 2053 dominica
1648 1993 1775 2053 dies
1817 1995 2287 2070 cognominatur,

303 2087 545 2161 ueniret,
603 2088 843 2148 minime
888 2087 1231 2148 didicerant.
1337 2107 1545 2148 uerum
1602 2087 1742 2163 quia
1793 2090 1979 2164 gratia
2035 2090 2292 2150 caritatis

302 2185 525 2242 feruere
569 2203 689 2242 non
732 2184 1072 2255 omiserunt,
1124 2187 1193 2243 et
1235 2183 1408 2242 huius
1463 2203 1703 2260 quoque
1750 2184 1835 2242 rei
1889 2183 2162 2243 notitiam
2208 2187 2288 2245 ad

300 2280 624 2354 perfectum
669 2278 970 2354 percipere
1012 2289 1368 2351 meruerunt,
1418 2279 1582 2338 iuxta
1622 2278 1978 2354 promissum
2032 2281 2290 2355 apostoli

301 2373 587 2434 dicentis:
645 2379 659 2406 ‘
680 2385 737 2433 et
785 2376 833 2433 si
880 2375 1025 2451 quid
1071 2375 1240 2436 aliter
1284 2375 1505 2452 sapitis,
1557 2385 1617 2436 et
1664 2376 1781 2436 hoc
1831 2395 2070 2453 quoque
2113 2378 2290 2437 uobis

303 2472 449 2531 deus
491 2471 812 2531 reuelabit.’
893 2474 970 2532 de
1014 2492 1135 2549 quo
1179 2472 1413 2549 plenius
1453 2472 1516 2531 in
1556 2473 1939 2549 sequentibus
1986 2493 2096 2533 suo
2150 2476 2289 2535 loco

300 2568 624 2628 dicendum
659 2579 764 2627 est.

1263 2775 1325 2831 V

298 2940 445 3065 ΑΒ
488 2937 602 2995 hac
646 2954 786 3012 ergo
825 2933 1019 2995 insula
1058 2935 1136 2993 ab
1182 2935 1395 2993 horum
1432 2932 1685 3010 collegio
1731 2934 2160 2993 monachorum
2203 2935 2287 2993 ad

486 3029 855 3107 prouinciam
882 3029 1209 3104 Anglorum
1236 3027 1666 3088 instituendam
1705 3027 1767 3086 in
1803 3029 2039 3089 Christo
2067 3027 2287 3088 missus

298 3136 389 3186 est
421 3128 637 3186 Aedan
673 3135 922 3201 accepto
949 3126 1134 3201 gradu
1163 3123 1555 3200 episcopatus.
1639 3143 1760 3200 quo
1790 3134 2056 3200 tempore
2085 3124 2288 3184 eidem

296 3221 652 3282 monasterio
692 3220 906 3296 Segeni
941 3221 1126 3280 abbas
1159 3230 1219 3279 et
1255 3219 1543 3295 presbiter
1575 3219 1842 3296 praefuit.
1926 3221 2086 3279 unde
2127 3219 2289 3281 inter

2334 1245 2412 1281 10

2325 2207 2410 2247 20

295 3321 411 3379 alia
447 3318 689 3380 uiuendi
724 3319 1085 3377 documenta
1119 3316 1559 3377 saluberrimum
1601 3316 1990 3376 abstinentiae
2017 3318 2115 3375 uel
2142 3336 2289 3378 con·
2316 3340 2409 3395 30

638 3452 679 3483 ²²
710 3453 834 3500 diem
862 3451 991 3501 from
1012 3449 1094 3502 C¹.
1380 3495 1388 3503 .
1486 3448 1526 3480 ²¹
1550 3451 1826 3514 promisum
1850 3466 1941 3500 ms.
