2567 3750
334 216 640 298 mni-Aen]
691 235 778 283 so
785 231 1025 284 URCES
1066 236 1162 285 OF
1191 233 1467 284 BEDA’S
1501 234 1840 283 JNFORMA
1851 232 2045 282 TJON.
2194 220 2302 291 165

337 361 558 422 dustria
599 362 921 425 Nothelmo
966 375 1032 424 ut
1073 358 1326 423 diximus
1365 365 1692 441 perferente
1718 362 2123 439 cognouimus.
2205 359 2307 436 qui

336 455 514 517 etiam
540 460 879 535 prouinciae
907 460 1297 535 Orientalium
1325 459 1496 519 simul
1529 470 1589 519 et
1631 457 2106 519 Occidentalium
2123 457 2310 537 'Saxo-

335 569 476 611 num
511 573 628 613 nec
662 575 788 615 non
825 566 885 615 et
921 555 1310 616 Orientalium
1341 557 1666 631 Anglorum
1694 565 1872 630 atque
1902 553 2309 627 Nordanhym-

335 651 573 710 brorum
612 670 652 710 a
694 651 907 727 quibus
948 650 1313 726 praesulibus
1356 652 1454 709 uel
1495 670 1744 726 quorum
1794 656 2059 725 tempore
2102 665 2306 724 regum

244 754 253 804 ἵ.
279 756 310 815 5
335 746 577 820 gratiam
602 746 891 822 euangelii
918 745 1299 822 perceperint,
1324 747 1606 804 nonnulla
1633 746 1775 804 mihi
1809 766 1883 804 ex
1917 754 2084 820 parte
2117 744 2305 820 prodi·

336 842 562 903 derunt.
645 842 902 918 denique
954 843 1188 901 hortatu
1241 840 1555 918 praecipue
1609 840 1789 918 ipsius
1832 840 2038 900 Albini
2077 851 2146 901 ut
2190 841 2306 899 hoc

336 954 483 1013 opus
526 937 768 1014 adgredi
822 939 1102 997 auderem
1150 950 1506 1012 prouocatus
1546 958 1691 997 sum.
1776 938 1883 996 sed
1928 948 1993 999 et
2047 937 2305 1000 Danihel

333 1035 829 1109 reuerentissimus
848 1036 1321 1096 Occidentalium
1347 1038 1641 1095 Saxonum
1671 1034 2004 1110 episcopuS,
2020 1034 2123 1109 qui
2139 1053 2302 1093 nunc

333 1146 520 1205 usque
556 1144 833 1207 superest,
863 1134 1148 1192 nonnulla
1182 1131 1326 1190 mihi
1362 1133 1438 1191 de
1470 1131 1709 1191 historia
1745 1129 2142 1191 ecclesiastica
2171 1148 2306 1204 pro-

239 1241 311 1279 10
334 1224 561 1286 uinciae
589 1227 771 1303 ipsi'us
799 1228 970 1287 simul
997 1240 1057 1289 et
1084 1229 1349 1305 proxima
1375 1227 1459 1286 illi
1486 1227 1844 1287 Australium
1874 1230 2172 1287 Saxonum
2192 1244 2305 1284 nec

332 1340 456 1381 non
481 1334 541 1383 et
566 1326 789 1383 Vectae
822 1324 1043 1384 insulae
1076 1324 1279 1383 litteris
1322 1325 1601 1382 mandata
1633 1323 1967 1383 declarauit.
2053 1321 2305 1399 qualiter

331 1436 473 1478 uero
498 1438 604 1494 per
629 1419 1012 1479 ministerium
1046 1419 1236 1480 Ceddi
1270 1429 1331 1477 et
1368 1420 1615 1478 Ceadda
1650 1417 2050 1494 religiosorum
2087 1415 2305 1477 Christi

333 1516 703 1575 sacerdotum
729 1518 826 1574 uel
851 1514 1153 1591 prouincia
1183 1514 1539 1572 Merciorum
1568 1514 1646 1572 ad
1671 1515 1850 1572 fidem
1878 1512 2097 1575 Christi
2122 1531 2302 1588 quam

332 1628 453 1668 non
481 1622 725 1671 nouerat
748 1611 1094 1688 peruenerit,
1123 1611 1219 1669 uel
1256 1609 1558 1686 prouincia
1586 1610 1975 1670 Orientalium
2002 1610 2303 1669 Saxonum

235 1726 260 1789 ¹.
270 1723 300 1780 5
328 1709 508 1769 fidem
549 1728 728 1785 quam
776 1708 916 1768 olim
960 1708 1363 1768 exsufflauerat
1410 1706 1850 1782 recuperauerit,
1891 1706 2076 1782 qualis
2124 1705 2301 1765 etiam

330 1802 589 1880 ipsorum
611 1816 841 1882 patrum
868 1805 992 1864 uita
1011 1805 1107 1863 uel
1135 1803 1331 1863 obitus
1359 1803 1626 1873 extiterit,
1646 1803 1953 1880 diligenter
1977 1823 2015 1862 a
2032 1802 2300 1863 fratribus

328 1902 669 1962 monasterii
697 1902 858 1978 quod
883 1904 960 1961 ab
1002 1901 1142 1977 ipsis
1177 1900 1484 1960 conditum
1527 1901 1894 1976 Laestingaeu
1929 1899 2301 1976 cognomina-

330 2008 424 2057 tur
451 1998 815 2075 agnouimuS.
900 2018 1072 2074 porro
1115 1999 1175 2056 in
1217 1997 1520 2073 prouincia
1563 1997 1948 2060 Orientalium
1975 2000 2300 2074 Anglorum

326 2112 477 2169 quae
504 2094 714 2153 fuerint
749 2104 915 2170 gesta
949 2092 1357 2164 ecclesiastica,
1397 2094 1607 2168 partim
1643 2113 1715 2152 ex
1746 2093 1974 2170 scriptis
2006 2096 2103 2153 uel
2130 2093 2299 2153 tradi—

226 2208 300 2245 20
325 2189 488 2249 tione
533 2190 792 2265 priorum
844 2190 1051 2266 partim
1106 2189 1553 2250 reuerentissimi
1598 2190 1825 2250 abbatis
1871 2190 1973 2249 Esi
2017 2190 2296 2249 relatione

324 2285 731 2362 comperimus.
816 2296 877 2345 at
903 2306 1045 2346 uero
1072 2286 1133 2344 in
1161 2286 1466 2361 prouincia
1502 2284 1757 2344 Lindissi
1789 2305 1938 2361 quae
1980 2286 2096 2345 sint
2134 2297 2299 2362 gesta

322 2399 458 2457 erga
482 2383 662 2444 fidem
692 2382 908 2444 Christi
934 2403 1159 2460 quaeue
1186 2382 1477 2445 successio
1505 2383 1876 2445 sacerdotalis
1906 2381 2171 2454 extiterit,
2199 2383 2297 2440 uel
2378 2427 2381 2436 .

320 2476 522 2537 litteris
559 2478 1006 2538 reuerentissimi
1047 2478 1320 2537 antistitis
1360 2476 1696 2552 Cynibercti
1736 2480 1831 2537 uel
1873 2478 2117 2536 aliorum
2158 2478 2295 2535 fide-

320 2574 465 2633 lium
491 2575 748 2635 uirorum
776 2576 915 2635 uiua
941 2595 1091 2634 uoce
1119 2576 1448 2635 didicimus,
1533 2595 1684 2650 quae
1709 2588 1910 2638 autem
1929 2574 1999 2632 in
2027 2574 2295 2633 Nordan—

223 2681 290 2739 25
326 2671 703 2747 hymbrorum
732 2672 1037 2748 prouincia
1068 2692 1143 2731 ex
1174 2692 1294 2749 quo
1329 2684 1592 2747 tempore
1632 2673 1810 2730 fidem
1854 2669 2070 2732 Christi
2096 2689 2294 2746 perce-

320 2778 533 2842 perunt
561 2769 861 2843 usquead
894 2771 1167 2844 praesens
1205 2788 1309 2843 per
1348 2768 1608 2826 diuersas
1649 2766 1914 2842 regiones
1955 2766 2015 2824 in
2045 2766 2294 2826 ecclesia

317 2859 435 2923 sint
461 2875 610 2935 acta,
640 2884 762 2923 non
790 2883 912 2923 uno
940 2863 1204 2938 quolibet
1241 2872 1478 2921 auctore
1515 2862 1621 2921 sed
1660 2861 1820 2921 fideli
1854 2861 2290 2921 innumerorum

315 2956 555 3032 testium
599 2959 700 3034 qui
740 2960 887 3018 haec
931 2959 1078 3018 scire
1124 2960 1220 3019 uel
1264 2957 1600 3016 meminisse
1649 2968 1922 3033 poterant
1956 2958 2291 3019 adsertione

314 3053 587 3130 cognoui,
644 3055 901 3132 exceptis
954 3056 1045 3114 his
1097 3076 1249 3133 quae
1304 3077 1408 3134 per
1454 3057 1743 3134 meipsum
1788 3074 1961 3116 nosse
2005 3055 2286 3131 poteram.

216 3169 289 3223 30
311 3148 464 3209 inter
491 3169 641 3226 quae
668 3153 994 3211 notandum
1023 3153 1187 3227 quod
1214 3171 1303 3225 ea,
1333 3172 1485 3228 quae
1519 3148 1594 3212 de
1628 3151 1994 3212 sanctissimo
2030 3155 2205 3226 patre‘
2233 3163 2293 3210 et

312 3246 571 3334 antistite
600 3248 940 3308 Cudbercto
967 3248 1064 3308 uel
1092 3248 1151 3307 in
1180 3249 1299 3309 hoc
1324 3250 1627 3310 uolumine
1656 3251 1752 3310 uel
1772 3248 1842 3308 rin
1870 3248 2072 3307 libello
2097 3259 2291 3324 gesto·

311 3347 441 3401 rum
482 3340 664 3419 ipsius
706 3344 1039 3423 conscripsi,
1075 3345 1288 3421 partim
1337 3366 1412 3405 ex
1459 3346 1542 3405 eis
1587 3366 1739 3423 quae
1784 3346 1861 3405 de
1910 3344 2010 3404 illo
2051 3345 2209 3421 prius
2250 3365 2288 3403 a

1041 3458 1065 3495 ⁷
1096 3462 1296 3525 aggredi
1313 3477 1394 3510 sec
1404 3461 1547 3510 man.
