2567 3750
271 212 327 293 4]
596 276 604 285 ,
791 227 892 277 oF
932 227 1083 277 THE
1123 228 1324 277 ABBA
1338 227 1423 277 γε
1466 227 1561 277 oF
1593 227 1729 276 HJJ.
2184 229 2213 268 2
2222 227 2254 287 5

268 360 569 437 insignem,
599 357 714 419 ubi
751 358 883 436 ipse
920 357 1098 419 etiam
1133 378 1383 436 corpore
1414 379 1535 419 una
1570 378 1706 418 cum
1739 359 2006 436 pluribus
2044 357 2261 418 sanctis

270 456 594 532 requiescit,
661 454 788 514 iarn
842 475 1004 515 nunc
1055 458 1385 532 Anglorum
1428 475 1573 533 gens
1617 455 1864 515 obtinet.
1947 453 2049 530 qui
2094 456 2262 519 locus

274 553 452 627 uulgo
486 561 745 610 uocatur
779 551 880 610 Ad
927 551 1263 612 Candidam
1314 553 1550 624 casam,
1599 570 1675 610 eo
1719 551 1886 626 quod
1939 549 2023 610 ibi
2078 551 2263 609 eccle-

275 647 416 706 siam
445 648 522 707 de
551 647 756 723 lapide
782 647 1023 708 insolito
1053 647 1432 708 Brettonibus
1459 667 1624 708 more
1650 648 1867 708 fecerit.

187 766 213 823 5
387 745 575 804 Venit
600 755 802 804 autem
832 744 1175 804 Brittaniam
1206 747 1503 806 Columba
1538 755 1821 821 regnante
1851 743 2032 804 Pictis
2060 743 2263 804 Bridio

274 840 390 899 filio
442 840 796 899 Meilochon
839 859 976 916 rege
1023 840 1438 917 potentissimo
1492 860 1656 902 nono
1709 861 1870 902 anno
1923 841 2089 918 regni
2136 841 2261 900 eius

272 948 631 1013 gentemque
671 936 831 996 illam
880 938 1067 997 uerbo
1109 948 1169 997 et
1211 940 1483 1014 exemplo
1524 940 1604 998 ad
1642 940 1823 998 fidem
1866 937 2086 999 Christi
2127 957 2265 997 con·
2309 984 2316 991 .

274 1034 463 1106 uertit,
512 1034 675 1093 unde
719 1043 779 1092 et
825 1036 1148 1109 praefatam
1186 1033 1440 1093 insulam
1476 1036 1554 1094 ab
1597 1035 1682 1095 eis
1719 1034 1781 1093 in
1824 1033 2263 1111 possessionem

274 1128 621 1189 monasterii
674 1127 931 1189 faciendi
973 1129 1219 1206 accepit.
1305 1149 1503 1206 neque
1548 1129 1709 1190 enim
1756 1149 1973 1205 magna
2020 1140 2110 1189 est
2157 1130 2265 1188 sed

188 1246 251 1283 10
276 1225 446 1300 quasi
489 1225 843 1284 familiarum
888 1225 1149 1303 quinque
1186 1225 1352 1285 iuxta
1386 1225 1860 1285 aestimationem
1902 1226 2265 1300 Anglorum3

275 1341 455 1397 quam
510 1340 881 1381 successores
937 1321 1062 1381 eius
1116 1341 1304 1399 usque
1358 1321 1541 1382 hodie
1596 1333 1817 1395 tenent,
1872 1321 1977 1381 ubi
2024 1332 2084 1381 et
2137 1320 2264 1397 ipse

274 1419 540 1492 sepultus
584 1426 673 1475 est
711 1436 850 1475 cum
891 1427 1046 1476 esset
1085 1437 1377 1477 annorum
1415 1417 1596 1478 lxxuii
1628 1430 1771 1494 ‘post
1811 1436 2000 1476 annos
2040 1415 2280 1481 circiter*

275 1533 390 1570 xxx
438 1522 501 1571 et
548 1513 699 1571 duos
746 1532 821 1572 ex
873 1532 993 1589 quo
1042 1513 1168 1589 ipse
1226 1513 1572 1572 Brittaniam
1618 1512 2057 1589 praedicaturus
2102 1509 2259 1569 adiit.

273 1609 494 1667 fecerat
539 1618 740 1666 autem
786 1607 1132 1684 priusquam
1182 1608 1525 1669 Brittaniam
1570 1609 1799 1668 ueniret
1843 1606 2266 1667 monasterium

186 1721 248 1779 15
275 1701 477 1762 nobile
540 1701 605 1760 in
669 1701 980 1775 Hibernia,
1051 1704 1218 1779 quod
1280 1722 1318 1762 a
1372 1703 1547 1780 copia
1599 1705 1876 1763 roborum
1932 1702 2267 1760 Dearmach

275 1799 477 1875 lingua
508 1799 862 1872 Scottorum,
891 1800 1010 1858 hoc
1047 1811 1138 1859 est
1179 1819 1426 1877 campus
1464 1802 1763 1872 roborum,
1799 1788 2261 1876 cognominatur.

277 1912 348 1952 ex
411 1913 534 1969 quo
603 1904 853 1970 utroque
920 1895 1280 1955 monasterio
1338 1896 1588 1972 plurima
1642 1895 1856 1955 exinde
1910 1893 2267 1956 monasteria

274 2009 380 2065 per
422 1989 748 2065 discipulos
797 1989 923 2049 eius
971 2001 1032 2050 et
1078 1990 1140 2050 in
1190 1990 1477 2050 Brittania
1524 2001 1584 2050 et
1624 1990 1686 2049 in
1731 1991 2026 2050 Hibernia
2060 2010 2269 2067 propa·

274 2098 410 2162 gata
446 2097 604 2156 sunt,
644 2085 706 2144 in
740 2086 953 2162 quibus
990 2088 1267 2148 omnibus
1296 2088 1453 2148 idem
1484 2088 1905 2148 monasterium
1933 2087 2267 2147 insulanum

186 2181 334 2240 zoin
375 2199 498 2256 quo
538 2180 666 2256 ipse
706 2182 1026 2257 requiescit
1065 2202 1317 2259 corpore
1356 2184 1755 2259 principatum
1797 2194 2038 2243 teneret.

397 2278 643 2336 Habere
679 2288 881 2336 autem
918 2280 1072 2338 solet
1107 2279 1237 2356 ipsa
1272 2280 1465 2339 insula
1501 2291 1792 2340 rectorem
1826 2299 2058 2355 semper
2092 2280 2269 2339 abba-

274 2385 394 2434 tem
421 2375 852 2449 presbyterum‚
884 2374 1050 2434 cuius
1079 2375 1188 2434 iuri
1217 2386 1277 2435 et
1305 2377 1498 2435 omnis
1525 2376 1834 2452 prouincia
1863 2387 1922 2435 et
1951 2374 2062 2451 ipsi
2091 2374 2267 2434 etiam

276 2471 542 2548 episcopi
586 2469 795 2530 ordine
837 2470 1120 2532 inusitato
1163 2473 1423 2532 debeant
1471 2492 1602 2532 esse
1648 2472 1917 2546 subiecti,
1966 2471 2129 2530 iuxta
2174 2491 2268 2531 ex-

276 2570 541 2645 emplum
580 2567 753 2643 primi
795 2568 1056 2627 doctoris
1096 2568 1268 2640 illius,
1314 2568 1419 2644 qui
1454 2588 1579 2628 non
1622 2568 1935 2645 episcopus
1973 2567 2078 2626 sed
2115 2586 2269 2643 pres·

188 2685 249 2742 25
276 2667 444 2741 byter
469 2663 667 2723 extitit
694 2674 754 2722 et
780 2665 1110 2724 monachus
1129 2688 1147 2741 3
1188 2666 1265 2724 de
1304 2665 1471 2724 cuius
1504 2664 1627 2724 uita
1660 2675 1720 2724 et
1755 2663 1953 2723 uerbis
1981 2664 2270 2722 nonnulla

276 2781 312 2820 a
355 2759 664 2836 discipulis
712 2760 836 2819 eius
888 2762 1152 2820 feruntur
1206 2761 1425 2837 scripta
1476 2761 1698 2821 haberi.
1797 2781 2004 2820 uerum
2059 2760 2271 2837 qualis-

277 2876 534 2933 cumque
570 2855 746 2915 fuerit
786 2856 930 2932 ipse,
974 2876 1087 2917 nos
1122 2858 1241 2917 hoc
1281 2859 1359 2917 de
1400 2857 1504 2917 illo
1542 2869 1769 2917 certum
1817 2869 2090 2917 tenemus
2130 2857 2271 2933 quia

275 2952 517 3028 reliquit
569 2970 940 3011 successores
993 2972 1210 3029 magna
1261 2952 1633 3013 continentia
1686 2973 1758 3011 ac
1811 2952 2016 3013 diuino
2070 2973 2270 3013 amore

276 3047 651 3125 regularique
675 3047 1045 3107 institutione
1079 3048 1378 3124 insignes;
1419 3049 1482 3107 in
1523 3060 1795 3125 tempore
1833 3048 2075 3124 quidem
2114 3069 2270 3109 sum-

180 3162 253 3218 30
275 3165 409 3204 mae
464 3141 799 3201 festiuitatis
852 3143 1067 3202 dubios
1114 3142 1366 3204 circulos
1411 3155 1745 3219 sequenteS,
1792 3154 1999 3219 utpote
2054 3144 2269 3220 quibus

276 3243 456 3318 longe
492 3241 651 3298 ultra
691 3239 895 3297 orbem
923 3222 1139 3315 'positis
1176 3259 1358 3299 nemo
1403 3238 1713 3315 synodalia
1748 3238 2039 3315 paschalis
2078 3241 2271 3299 obser·

607 3384 630 3416 ²
661 3384 789 3431 locus
805 3384 877 3431 ad
881 3385 1192 3447 prouinciam
1211 3386 1555 3435 Betm’ciorum
1567 3386 1821 3449 pertinens
1844 3382 1922 3435 Cl.

609 3458 652 3493 ²⁷
686 3460 782 3523 ipse
802 3459 883 3511 Cl.
948 3461 1045 3525 apsi
1063 3478 1154 3512 ms.
