2567 3750
287 65 389 149 ΙΙ]
521 86 616 135 OF
646 86 875 135 SEBBI
908 86 1100 134 KING
1144 86 1239 135 OF
1281 86 1432 135 THE
1474 85 1677 134 EAST
1708 74 2030 134 SAXONS.'
2135 87 2238 127 111

277 218 563 296 perditam
588 231 788 296 posset
815 221 1071 298 recipere
1099 223 1306 280 lucem.
1390 239 1502 280 nec
1522 219 1746 280 distulit
1773 219 1915 295 quin
1942 219 2243 292 continu0,

278 315 439 390 quod
493 326 690 375 mente
744 328 1112 393 conceperat,
1183 316 1456 392 expleret.
1540 317 1824 393 perducta
1888 334 2145 391 namque
2209 336 2247 375 a

277 409 484 485 puellis
539 410 656 470 suis
709 412 787 470 ad
834 411 1269 484 monasterium,
1328 411 1467 487 quia
1517 409 1580 469 in
1632 411 1899 487 proximo
1954 423 2091 485 erat,
2142 412 2247 470 ubi

276 505 455 565 fidem
508 523 648 565 suae
702 504 1022 566 sanationis
1074 505 1361 582 integram
1415 525 1479 565 se
1537 507 1755 566 habere
1822 507 2084 582 professa
2136 518 2243 579 est,

214 616 245 675 5
277 600 610 660 introducta
644 610 732 660 est
767 603 844 661 ad
886 601 1249 678 cymiterium
1286 613 1362 675 et,
1392 621 1530 661 cum
1567 601 1789 663 ibidem
1823 602 2041 662 diutius
2081 603 2246 662 flexis

273 697 521 773 genibus
568 710 772 770 oraret,
823 698 1006 758 nihilo
1061 699 1279 758 tardius
1334 698 1544 758 meruit
1599 698 1874 757 exaudiri.
1960 717 2098 757 nam
2154 718 2247 758 ex·

275 811 514 869 surgens
539 796 615 853 ab
643 793 923 867 oratione,
953 793 1293 870 priusquam
1332 793 1513 853 exiret
1546 793 1622 852 de
1662 795 1812 865 Ιοοο,
1843 791 2058 868 petitae
2099 792 2246 852 lucis

267 888 513 965 gratiam
538 889 774 966 recepit,
808 901 864 950 et
892 909 1043 966 quae
1069 891 1413 948 famularum
1442 889 1711 949 manibus
1749 889 2006 947 adducta
2032 891 2240 961 fuerat,
2306 903 2314 926 ·

273 985 402 1062 ipsa
435 988 620 1047 libero
652 989 874 1064 pedum
906 989 1138 1047 incessu
1170 988 1415 1047 domum
1452 988 1606 1045 laeta
1640 1005 1872 1045 reuersa
1915 995 2036 1046 est:
2079 987 2246 1061 quasi

180 1115 252 1154 10
274 1087 350 1145 ad
377 1087 494 1146 hoc
520 1087 709 1146 solum
738 1087 920 1146 modo
957 1087 1149 1143 lucem
1181 1083 1471 1143 amitteret
1498 1084 1879 1158 temporalem
1907 1093 1987 1153 ut,
2020 1094 2243 1159 quanta

279 1192 510 1240 sanctos
539 1180 755 1241 Christi
790 1183 891 1239 lux
922 1180 982 1238 in
1010 1179 1185 1239 caelis
1222 1199 1375 1257 quae
1409 1180 1594 1257 gratia
1628 1178 1855 1240 uirtutis
1896 1180 2241 1259 possideret,

278 1297 383 1337 sua
406 1274 711 1336 sanatione
740 1276 1176 1336 demonstraret.

1215 1664 1311 1722 XI

289 1824 464 1948 EO
521 1835 783 1901 tempore
837 1832 1098 1900 praeerat
1151 1841 1333 1900 regno
1378 1823 1767 1885 Orientalium
1812 1829 2126 1901 Saxonum,
2183 1839 2247 1888 ut

175 1948 244 2007 15
449 1923 608 1983 idem
653 1922 827 1982 etiam
872 1923 1103 1984 libellus
1158 1923 1350 1994 docet,
1397 1922 1488 1981 uir
1530 1926 1777 1983 multum
1826 1927 1941 1987 deo
1996 1929 2246 1987 deuotus

276 2019 515 2081 nomine
537 2020 732 2092 Sebbi‚
764 2019 927 2077 cuius
955 2038 1129 2095 supra
1153 2017 1537 2079 meminimus
1623 2033 1745 2081 erat
1783 2022 1939 2082 enim
1968 2023 2247 2100 religiosis

276 2116 501 2175 actibus
544 2113 758 2174 crebris
797 2114 1069 2190 precibus
1109 2114 1219 2190 piis
1260 2113 1709 2191 elimosynamm
1749 2118 2027 2178 fructibus
2074 2118 2246 2195 pluri-

274 2230 437 2268 mum
464 2208 739 2282 intentus,
768 2209 948 2268 uitam
977 2209 1264 2285 priuatam
1301 2221 1359 2270 et
1387 2211 1795 2271 monachicam
1832 2213 2058 2273 cunctis
2084 2213 2247 2289 regni

277 2304 492 2366 diuitiis
530 2316 588 2365 et
623 2305 942 2364 honoribus
981 2305 1325 2381 praeferens,
1355 2324 1532 2380 quam
1573 2317 1632 2366 et
1673 2307 1815 2367 olim
1855 2307 1991 2381 iam,
2035 2308 2084 2368 si
2124 2328 2245 2368 non

170 2428 247 2466 20
277 2401 602 2461 obstinatus
629 2400 893 2476 coniugis
929 2400 1158 2460 animus
1196 2400 1511 2460 diuortium
1546 2412 1799 2477 negaret,
1830 2403 2033 2463 relicto
2065 2422 2245 2479 regno

274 2493 539 2555 subisset.
599 2496 756 2555 unde
784 2497 1033 2554 multum
1060 2494 1253 2555 uisum
1282 2507 1340 2555 et
1370 2515 1544 2573 saepe
1574 2496 1797 2557 dictum
1824 2507 1929 2569 est,
1952 2496 2089 2573 quia
2114 2497 2246 2556 talis

275 2592 457 2652 animi
483 2593 674 2652 uirum
701 2591 1043 2669 episcopum
1071 2593 1255 2669 magis
1283 2611 1461 2668 quam
1488 2612 1683 2669 regem
1712 2594 1966 2653 ordinari
1994 2594 2241 2654 deceret.

274 2707 527 2764 cumque
556 2707 742 2747 annos
771 2708 884 2746 xxx
910 2688 971 2746 in
1008 2706 1188 2764 regno
1225 2684 1392 2746 miles
1434 2688 1597 2764 regni
1637 2689 1902 2749 caelestis
1941 2689 2242 2765 exegisset,

274 2793 576 2860 correptus
605 2794 691 2843 est
719 2782 976 2859 corporis
1004 2781 1337 2843 infirmitate
1363 2784 1738 2860 permaxima,
1758 2804 1874 2860 qua
1901 2794 1960 2845 et
1986 2797 2245 2845 mortuus

166 2906 199 2943 2
207 2901 241 2960 5
275 2894 399 2943 est:
442 2870 882 2959 ammonuitque
909 2880 1234 2957 coniugem,
1274 2891 1340 2940 ut
1377 2882 1474 2940 uel
1512 2891 1655 2940 tunc
1692 2881 1893 2942 diuino
1922 2902 1983 2942 se
2012 2882 2246 2942 seruitio
