2567 3750
1415 0 1924 257 VJ‘AEJ

277 190 362 274 17]
476 208 833 261 AEDANS
871 210 1155 259 DEATH.
1220 174 1453 265 [ΝνΑε
1632 209 1726 257 OF
1760 209 1813 257 P

1449 142 1880 422 W'svsl
1862 164 2035 299 ³²43*
2063 211 2278 394 3⁴2
2333 338 2404 434 'p
2503 340 2504 377 ἓ

1811 380 1924 453 27³
1989 444 1993 453 1
2257 390 2262 397 ,

1157 520 1342 575 XVII

418 687 593 745 VNC
642 703 782 743 cum
824 683 950 743 dies
987 684 1186 743 mortis
1227 683 1424 760 egredi
1464 704 1496 743 e
1534 703 1778 760 corpore
1817 676 2065 793 cogeret,
2075 694 2255 781 &coms

457 779 638 856 pletis
667 779 840 837 annis
869 777 1242 854 episcopatus
1272 777 1361 837 sui
1390 778 1503 849 xvi,
1536 791 1657 838 erat
1685 780 1746 838 in
1774 780 1914 840 uilla
1941 782 2098 858 regia
2132 794 2280 843 non

278 874 441 950 longe
469 876 549 933 ab
576 875 726 932 urbe
763 874 839 932 de
877 893 996 948 qua
1030 873 1273 948 praefati
1312 892 1528 931 sumus.
1612 874 1673 932 in
1700 875 1813 932 hac
1842 876 1999 934 enim
2026 878 2251 937 habens

230 973 580 1047 5ecclesiam
624 982 684 1030 et
725 970 1062 1029 cubiculum
1106 968 1337 1045 saepius
1386 969 1606 1028 ibidem
1655 970 1864 1030 diuerti
1907 991 1977 1029 ac
2017 992 2253 1032 manere

278 1079 445 1145 atque
495 1069 638 1126 inde
687 1069 764 1126 ad
812 1066 1268 1142 praedicandum
1314 1064 1765 1140 circumquaque
1811 1065 1965 1125 exire
2009 1083 2253 1128 consue·

277 1176 467 1239 uerat3
539 1163 704 1239 quod
749 1163 939 1238 ipsum
988 1173 1046 1220 et
1088 1161 1150 1218 in
1198 1161 1325 1219 aliis
1374 1158 1524 1219 uillis
1579 1160 1727 1236 regis
1772 1162 1963 1220 facere
2007 1164 2251 1234 solebat,
2325 1160 2334 1169 “

275 1270 474 1335 utpote
525 1258 609 1316 nil
665 1256 935 1334 propriae
987 1256 1375 1333 possessionis
1429 1267 1676 1331 excepta
1728 1256 1978 1315 ecclesia
2033 1276 2138 1315 sua
2196 1270 2255 1316 et

274 1352 677 1412 adiacentibus
714 1351 914 1428 agellis
954 1352 1194 1411 habens.
1278 1351 1654 1409 tetenderunt
1684 1370 1819 1424 ergo
1850 1349 1904 1409 ei
1931 1352 2254 1427 aegrotanti

196 1475 256 1514 10
278 1451 591 1510 tentorium
634 1451 711 1509 ad
757 1448 1179 1508 occidentalem
1227 1448 1510 1509 ecclesiae
1558 1459 1784 1525 partem
1832 1449 1915 1508 ita
1956 1461 2020 1508 ut
2062 1449 2255 1526 ipsum

277 1546 593 1606 tentorium
642 1546 848 1622 parieti
899 1547 1162 1605 haereret
1203 1544 1503 1605 ecclesiae.
1602 1547 1760 1604 unde
1800 1547 2018 1604 factum
2062 1559 2153 1606 est
2193 1562 2257 1608 ut

278 1642 522 1702 adclinis
562 1642 844 1714 destinae,
878 1661 1028 1718 quae
1069 1641 1426 1701 extrinsecus
1467 1641 1747 1701 ecclesiae
1783 1661 1891 1718 pro
1931 1644 2255 1705 munimine

278 1750 394 1799 erat
429 1738 723 1814 adposita,
755 1739 1021 1814 spiritum
1061 1739 1219 1797 uitae
1262 1740 1558 1798 exhalaret
1600 1740 1885 1798 ultimum.
1974 1741 2121 1801 obiit
2159 1762 2259 1801 au-

278 1848 391 1897 tem
416 1838 671 1915 septimo
694 1835 928 1897 decimo
956 1836 1329 1913 episcopatus
1358 1834 1445 1894 sui
1473 1854 1631 1895 anno
1658 1835 1844 1912 pridie
1873 1837 2254 1898 kalendarum

198 1952 252 2010 15
276 1934 726 2010 Septembrium.
793 1933 957 1993 cuius
980 1952 1193 2008 corpus
1216 1952 1355 1991 mox
1384 1932 1522 1992 inde
1544 1935 1883 1992 translatum
1905 1936 1982 1993 ad
2008 1935 2258 1994 insulam

186 2020 203 2034 “
278 2028 841 2089 Lindisfarnensium
882 2041 1061 2105 atque
1096 2028 1157 2086 in
1200 2028 1504 2106 cymiterio
1542 2030 1778 2087 fratrum
1818 2032 2110 2106 sepultum
2152 2043 2254 2091 est.

279 2136 336 2184 at
387 2124 700 2185 interiecto
750 2135 1012 2200 tempore
1067 2125 1387 2200 aliquanto,
1442 2144 1577 2183 cum
1632 2125 1913 2188 fabricata
1966 2137 2120 2185 esset
2177 2127 2260 2186 ibi

280 2221 517 2281 basilica
563 2221 752 2280 maior
803 2232 982 2297 atque
1028 2219 1090 2278 in
1134 2221 1423 2280 honorem
1476 2221 1799 2281 beatissimi
1854 2225 2254 2297 apostolorum

279 2318 556 2394 principis
585 2317 874 2388 dedicata,
898 2317 1001 2375 illo
1029 2335 1162 2375 ossa
1184 2314 1307 2375 eius
1341 2318 1617 2374 translata
1644 2328 1820 2392 atque
1849 2318 1925 2376 ad
1955 2319 2253 2377 dexteram

196 2437 257 2474 20
281 2414 468 2475 altaris
509 2414 676 2478 iuxta
720 2413 1159 2475 uenerationem
1208 2424 1373 2473 tanto
1414 2414 1694 2492 pontifice
1735 2412 1975 2490 dignam
2018 2415 2257 2475 condita

282 2521 431 2570 sunt.

396 2607 689 2668 Successit
737 2627 880 2668 uero
921 2608 975 2667 ei
1011 2608 1073 2667 in
1110 2607 1518 2685 episcopatum
1558 2608 1742 2667 Finan
1784 2619 1842 2668 et
1880 2607 2005 2686 ipse
2041 2608 2142 2668 illo
2182 2610 2258 2670 ab

286 2703 388 2763 Hii
413 2707 749 2765 Scottorum
786 2705 977 2766 insula
1011 2724 1082 2764 ac
1118 2702 1474 2764 monasterio
1515 2704 1857 2776 destinatus,
1887 2723 1957 2762 ac
1994 2714 2258 2781 tempore

284 2819 402 2860 non
446 2822 645 2878 pauco
685 2802 746 2861 in
789 2802 1128 2878 episcopatu
1176 2801 1513 2878 permansit.
1599 2800 1844 2877 contigit
1883 2812 2082 2859 autem
2122 2814 2257 2878 post

194 2912 254 2969 ²5
283 2896 502 2973 aliquot
538 2916 729 2957 annos
757 2908 822 2955 ut
853 2898 1057 2957 Penda
1093 2900 1160 2957 M
1166 2896 1451 2955 erciorum
1479 2915 1581 2954 rex
1607 2914 1743 2953 cum
1770 2894 1967 2954 hostili
2002 2896 2256 2956 exercitu

285 2989 427 3050 haec
454 2991 513 3049 in
541 2993 677 3051 loca
704 2991 1050 3067 perueniens
1078 3010 1215 3049 cum
1243 3000 1457 3049 cuncta
1484 3009 1637 3066 quae
1662 2999 1892 3065 poterat
1919 2991 2069 3050 ferro
2099 2990 2257 3050 flam-

284 3105 494 3166 maque
539 3090 830 3166 perderet,
872 3089 1040 3149 uicus
1087 3108 1326 3165 quoque
1378 3086 1440 3146 in
1490 3106 1612 3164 quo
1660 3086 1901 3146 antistes
1945 3086 2092 3147 obiit
2138 3107 2258 3146 una

284 3199 419 3240 cum
454 3183 706 3242 ecclesia
739 3194 1062 3243 memorata
1103 3182 1354 3241 flammis
1397 3184 1814 3268 absumeretur.
1898 3181 2005 3239 sed
2046 3179 2254 3240 mirum

284 3274 347 3340 in
384 3281 624 3340 modurn
663 3281 789 3340 sola
823 3279 924 3340 illa
959 3280 1190 3340 destina
1222 3279 1316 3340 cui
1349 3279 1697 3338 incumbens
1726 3276 1873 3336 obiit
1908 3280 1986 3338 ab
2023 3277 2254 3353 ignibus

412 3412 435 3450 ⁸
463 3424 566 3466 erat
587 3433 670 3466 om
694 3432 791 3468 ms,
1012 3415 1056 3448 ⁹³
1089 3418 1349 3467 dietmarus
1367 3432 1460 3465 ms.
1667 3414 1710 3446 ²⁷
1743 3429 1923 3477 queque
1942 3413 2024 3460 ille
2045 3413 2122 3462 C¹.

443 3527 493 3569 Β·
2060 3524 2098 3577 4
