2567 3750
264 233 337 273 20
845 228 940 276 OF
976 226 1343 276 osWALD’s
1387 227 1476 276 cle
1485 227 1616 276 OSS.
2085 278 2092 285 ,
2115 210 2242 293 [111

259 370 538 434 tyrannus
581 356 850 416 saeuiens
890 355 1256 431 disperderet
1298 374 1369 417 ac
1402 354 1622 432 tragica
1656 355 1842 415 caede
1881 355 2242 429 dilaceraret,

258 456 501 514 tandem
557 453 904 512 Eanfridum
950 451 1281 510 inconsulte
1338 452 1415 510 ad
1464 471 1527 511 se
1575 470 1707 510 curn
1754 452 1832 510 xii
1878 453 2044 512 lectis
2098 453 2245 512 mili·

256 549 414 611 tibus
482 549 876 625 postulandae
942 547 1108 623 pacis
1174 546 1364 622 gratia
1435 546 1777 606 uenientem
1847 547 2020 608 simili
2088 562 2244 610 sorte

257 640 575 703 damnauit.
662 643 947 702 infaustus
993 643 1093 701 ille
1136 660 1328 700 annus
1378 652 1437 701 et
1486 641 1761 701 omnibus
1806 643 1982 702 bonis
2030 662 2244 705 exosus
2362 707 2369 713 ,

255 760 446 816 usque
500 740 680 800 hodie
742 749 1070 814 permanet,
1127 748 1251 797 tam
1307 749 1562 817 *propter
1623 740 1986 815 apostasiam
2039 761 2241 818 regum
2314 767 2350 826 5

254 839 581 913 Anglorum
610 855 728 911 qua
756 855 819 894 se
855 834 993 894 fidei
1031 835 1411 893 sacramentis
1446 846 1740 908 exuerant,
1783 855 1964 911 quam
2005 849 2244 914 propter

255 952 537 991 uesanam
565 931 888 991 Brettonici
913 931 1064 1007 regis
1095 930 1508 1007 tyrrannidem.
1589 933 1750 990 unde
1773 932 2001 992 cunctis
2023 933 2244 1009 placuit

253 1046 457 1102 regum
497 1038 766 1102 tempora
806 1024 1306 1103 computantibuS,
1350 1037 1414 1084 ut
1454 1028 1652 1085 ablata
1692 1028 1769 1086 de
1801 1028 2002 1087 medio
2039 1047 2239 1106 regum

253 1122 632 1204 perfidorum·
664 1119 950 1179 memoria
1003 1120 1162 1179 idem
1217 1140 1409 1180 annus
1458 1121 1761 1196 sequentis
1813 1122 1983 1199 regiS,
2040 1122 2104 1183 id
2151 1135 2242 1183 est

254 1215 504 1276 Osualdi
569 1215 679 1275 uiri
733 1215 849 1274 deo
910 1213 1126 1287 dilecti,
1184 1233 1368 1290 regno
1422 1202 1860 1290 adsignaretur:
1928 1235 2051 1292 quo
2102 1208 2241 1294 post
2278 1256 2355 1296 10

255 1312 611 1372 occisionem
659 1310 846 1371 fratris
890 1310 1152 1371 Eanfridi
1191 1310 1642 1388 superueniente
1683 1331 1819 1370 cum
1861 1331 2046 1388 paruo
2087 1333 2241 1373 exer·
2381 1307 2388 1309 “

253 1411 372 1468 citu
411 1410 516 1469 sed
552 1409 671 1468 fide
714 1407 931 1470 Christi
971 1407 1218 1481 munito,
1249 1407 1524 1467 infandus
1564 1411 1909 1469 Brettonum
1938 1411 2071 1484 dux,
2103 1430 2238 1470 cum

251 1506 536 1565 inmensis
576 1505 689 1564 illis
731 1504 916 1581 copiis
958 1505 1172 1580 quibus
1220 1505 1367 1563 nihil
1414 1505 1680 1564 resistere
1734 1526 1910 1583 posse
1964 1506 2236 1578 iactabat,

251 1603 594 1662 interemtus
633 1613 722 1661 est
768 1602 830 1661 in
863 1603 999 1662 loco
1038 1601 1138 1677 qui
1181 1602 1380 1678 lingua
1419 1604 1747 1678 Anglorum
1777 1602 2237 1676 Denisesburna,

251 1699 314 1759 id
343 1710 430 1758 est
460 1698 648 1758 Riuus
677 1698 902 1771 Demsi,
932 1710 1188 1758 uocatur.
2275 1735 2351 1793 15

1207 1947 1275 2004 ΙΙ

257 2094 879 2220 OSTENDITVR
905 2103 1105 2153 autem
1132 2111 1323 2167 usque
1350 2090 1530 2151 hodie
1560 2103 1619 2152 et
1645 2091 1707 2150 in
1744 2111 1960 2168 magna
1995 2109 2237 2151 uenera-

441 2192 603 2253 tione
646 2194 895 2252 habetur
933 2193 1101 2251 locus
1143 2190 1258 2264 ille,
1303 2189 1407 2249 ubi
1446 2201 1732 2249 uenturus
1773 2191 1851 2250 ad
1898 2191 2054 2248 hanc
2092 2208 2236 2265 pug-

250 2306 385 2345 nam
428 2288 654 2347 Osuald
696 2287 926 2363 signum
969 2297 1208 2346 sanctae
1249 2285 1437 2344 crucis
1480 2285 1664 2345 erexit
1696 2304 1768 2343 ac
1794 2283 1957 2344 flexis
1983 2282 2234 2359 genibus

251 2382 560 2442 dominum
615 2385 965 2461 deprecatus
1020 2393 1125 2455 est,
1184 2391 1251 2440 ut
1304 2380 1367 2438 in
1422 2390 1584 2439 tanta
1637 2399 1829 2439 rerum
1882 2378 2234 2438 necessitate
2272 2399 2357 2437 20

252 2479 370 2537 suis
411 2478 730 2537 cultoribus
772 2476 1010 2537 caelesti
1048 2485 1406 2536 succurreret
1440 2473 1675 2533 auxilio.
1761 2473 2017 2549 denique
2053 2475 2236 2532 fer'tur

251 2574 390 2650 quia
428 2575 583 2633 facta
623 2573 803 2633 citato
844 2592 1022 2650 opere
1069 2592 1243 2632 cruce
1283 2591 1355 2630 ac
1394 2572 1571 2631 fouea
1622 2581 1970 2647 praeparata
2008 2569 2071 2629 in
2112 2577 2235 2646 qua

252 2669 425 2729 statui
466 2671 724 2743 deberet,
772 2670 899 2747 ipse
939 2671 1057 2729 fide
1098 2671 1329 2727 feruens
1369 2669 1526 2727 hanc
1566 2667 1870 2744 arripuerit
1909 2686 1982 2726 ac
2020 2669 2233 2727 foueae

250 2766 572 2842 inposuerit
626 2778 803 2842 atque
856 2777 1105 2841 utraque
1159 2784 1341 2823 manu
1398 2774 1655 2823 erectam
1712 2763 1980 2837 tenuerit,
2036 2764 2233 2823 donec

251 2866 496 2940 adgesto
543 2883 581 2923 a
622 2863 904 2923 militibus
943 2866 1187 2939 puluere
1228 2873 1414 2921 terrae
1461 2862 1747 2936 figeretur,
1798 2871 1859 2920 et
1911 2861 2028 2920 hoc
2072 2861 2233 2918 facto
2274 2877 2305 2913 2
2318 2875 2357 2933 5

251 2961 406 3017 elata
441 2958 504 3017 in
540 2960 726 3018 altum
760 2978 911 3019 uoce
948 2968 1166 3017 cuncto
1205 2955 1485 3016 exercitui
1530 2954 2016 3031 proclamauerit:
2064 2958 2081 2988 ‘
2098 2956 2235 3016 fiec-

250 3068 441 3115 tamus
495 3075 703 3116 omnes
768 3075 963 3132 genua
1015 3065 1075 3114 et
1130 3053 1438 3114 dominum
1501 3052 1971 3128 omnipotentem
2025 3051 2233 3111 uiuurn

250 3171 322 3210 ac
347 3170 553 3210 uerum
581 3151 644 3209 in
672 3168 990 3209 commune
1017 3145 1412 3225 'deprecemur
1437 3157 1504 3206 ut
1529 3166 1640 3206 nos
1666 3149 1743 3207 ab
1770 3148 1943 3207 hoste
1976 3149 2233 3223 superbo

250 3268 322 3311 ac
367 3249 564 3307 feroce
609 3266 716 3306 sua
757 3245 1135 3307 miseratione
1183 3245 1500 3305 defendat:
1561 3243 1671 3304 scit
1714 3244 1874 3303 enim
1920 3243 2049 3319 ipse
2090 3244 2238 3318 quia

378 3374 400 3410 ⁷
434 3391 663 3425 uesanam
688 3372 767 3425 Cl.
831 3377 1112 3425 uaesaniam
1134 3392 1227 3426 ms.
1356 3375 1401 3409 ’⁴
1430 3377 1636 3425 tenuerit
1656 3374 1738 3426 C².
1812 3381 1987 3426 teneret
2003 3391 2093 3426 ms·

573 3453 616 3487 ²⁶
647 3455 848 3504 cunctui
863 3456 1022 3519 prima
1042 3472 1207 3506 manu.
1252 3463 1421 3507 cuncto
1440 3457 1665 3506 exercitui
1685 3456 1911 3506 secunda.
