2567 3750
226 50 338 123 138
437 62 615 112 FJVE
657 61 972 110 BISHOPS
1009 59 1479 109 FROMTHAT
1511 56 1989 109 MONASTERY.
2091 37 2209 120 [IV

220 208 368 256 mus
426 199 487 248 et
532 189 642 247 hos
691 206 899 246 omnes
955 185 1258 282 singularis
1300 185 1494 246 meriti
1540 204 1611 244 ac
1667 184 1989 245 sanctitatis
2034 185 2208 259 uirOS,

221 304 473 362 quorum
510 288 660 345 haec
700 298 837 346 sunt
872 284 1133 359 nomina,
1173 288 1333 345 Bosa
1369 285 1542 345 Aetla
1580 285 1774 346 Oftfor
1814 286 2113 344 Iohannes
2154 295 2212 344 et

220 381 448 442 Vilfrid.
535 383 611 441 de
650 381 842 457 primo
880 400 1053 457 supra
1090 381 1344 440 diximus
1382 381 1547 456 quod
1585 380 1838 440 Eboraci
1871 381 2041 440 fuerit
2077 399 2214 440 con·

222 490 480 538 sectatus
508 478 786 537 antistes:
829 479 905 537 de
933 479 1197 537 secundo
1233 476 1489 537 breuiter
1520 476 1915 538 intimandum
1953 480 2118 555 quod
2151 478 2209 537 in

223 577 628 653 episcopatum
695 575 1152 636 Dorciccaestrae
1219 574 1389 635 fuerit
1457 575 1793 636 ordinatus:
1861 579 1938 637 de
1992 577 2212 645 ultimis

223 676 375 735 infra
428 673 748 734 dicendum
804 685 890 733 est
945 676 1110 751 quod
1167 693 1371 733 eorum
1423 673 1647 749 primus
1703 673 2212 750 HagustaldensiS,

186 812 191 817 -
225 773 520 833 secundus
551 771 938 832 Eboracensis
975 771 1255 832 ecclesiae
1285 771 1360 830 sit
1387 770 1688 831 ordinatus
1723 770 2050 847 episcopus,
2136 773 2212 831 de

225 867 425 928 medio
452 887 613 926 nunc
641 867 924 941 dicamus,
948 867 1088 944 quia
1114 886 1251 926 cum
1278 866 1342 925 in
1368 877 1616 943 utroque
1636 867 1859 928 Hildae
1886 866 2212 928 abbatissae

226 963 584 1023 monasterio
647 963 887 1022 lectioni
942 973 1001 1022 et
1056 962 1453 1023 obseruationi
1507 962 1918 1038 scripturarum
1973 982 2212 1038 operam

228 1059 505 1133 dedisset,
551 1061 793 1135 tandem
838 1059 1183 1136 perfectiora
1231 1059 1571 1119 desiderans
1615 1058 1780 1118 uenit
1821 1059 2093 1120 Cantiam
2138 1061 2215 1119 ad

227 1157 751 1233 archiepiscopum*
771 1156 979 1215 beatae
1013 1154 1436 1215 recordationis
1465 1156 1847 1215 Theodorum
1872 1176 1885 1213 ε
1925 1154 2028 1216 ubi
2059 1167 2217 1232 post-

222 1260 409 1328 'quam
446 1251 788 1328 aliquandiu
829 1250 1176 1310 lectionibus
1219 1250 1395 1310 sacris
1438 1250 1690 1323 uacauit,
1739 1249 1916 1310 etiam
1960 1253 2217 1311 Romam

230 1348 390 1407 adire
430 1347 671 1420 curauit,
707 1347 872 1422 quod
908 1365 982 1406 eo
1015 1357 1280 1422 tempore
1321 1352 1569 1422 magnae
1608 1344 1837 1406 uirtutis
1878 1345 2219 1407 aestimaba-

230 1453 358 1504 tur:
391 1454 486 1529 „et
533 1442 670 1503 inde
714 1462 852 1501 cum
898 1441 1131 1502 rediens
1177 1441 1521 1501 Brittaniam
1568 1441 1802 1515 adisset,
1853 1442 2090 1503 diuertit
2142 1445 2218 1503 ad

230 1538 597 1615 prouinciam
638 1538 1026 1599 Huicciorum
1063 1537 1160 1597 cui
1195 1549 1343 1598 tunc
1369 1558 1471 1598 rex
1500 1538 1669 1600 Osric
1694 1540 1979 1615 praefuit3
2020 1538 2218 1615 ibique

231 1636 481 1695 uerbum
523 1635 661 1695 fidei
700 1634 1063 1711 praedicam,
1110 1634 1284 1694 simul
1327 1645 1386 1696 et
1422 1637 1758 1712 exemplum
1806 1636 2049 1696 uiuendi
2092 1656 2219 1697 sese

232 1729 568 1790 uidentibus
595 1742 770 1806 atque
798 1730 1173 1791 audientibus
1211 1730 1511 1804 exhibenS,
1540 1733 1729 1791 multo
1759 1743 2024 1808 tempore
2060 1750 2222 1791 man-

235 1824 324 1885 sit.
410 1845 531 1904 quo
568 1834 832 1903 tempore
870 1827 1111 1902 antistes
1146 1826 1488 1904 prouinciae
1525 1825 1679 1887 illius
1715 1828 2009 1889 uocabulo
2048 1829 2220 1888 Bosel

233 1933 396 1983 tanta
423 1935 546 1983 erat
578 1922 835 2000 corporis
871 1923 1206 1984 infirmitate
1244 1925 1568 2000 depressuS,
1608 1934 1674 1984 ut
1711 1925 1968 1985 officium
1998 1924 2217 2000 episco-

233 2032 406 2097 patus
452 2040 560 2097 per
600 2041 664 2081 se
710 2021 953 2097 implere
1000 2041 1124 2081 non
1167 2032 1403 2098 posset:
1459 2031 1700 2097 propter
1745 2023 1910 2097 quod
1954 2021 2218 2081 omnium

234 2116 454 2178 iudicio
497 2118 789 2194 praefatus
836 2116 928 2175 uir
969 2116 1030 2174 in
1076 2116 1482 2193 episcopatum
1524 2135 1633 2192 pro
1671 2137 1744 2177 eo
1777 2109 1998 2177 electus
2038 2137 2108 2177 ac
2140 2117 2223 2176 iu-

234 2213 412 2273 bente
439 2212 760 2272 Aedilredo
786 2231 922 2288 rege
948 2230 1054 2286 per
1078 2212 1396 2271 Vilfridum
1422 2214 1632 2273 beatae
1660 2212 1978 2272 memoriae
2005 2210 2221 2271 antisti-

235 2320 375 2381 tem,
406 2309 508 2387 qui
541 2320 683 2368 tunc
716 2308 994 2384 temporis
1033 2308 1602 2369 Mediterraneorum
1638 2310 1963 2385 Anglorum
2001 2307 2222 2384 episco-

235 2418 437 2485 patum
473 2404 727 2480 gerebat,
771 2403 1075 2463 ordinatus
1109 2414 1233 2463 est:
1290 2423 1399 2480 pro
1438 2423 1512 2464 eo
1550 2405 1711 2480 quod
1742 2396 2221 2480 archiepiscopus

2248 1070 2321 1107 10

2252 1553 2318 1611 Ῑ5

2251 2033 2324 2070 20

234 2503 586 2564 Theodorus
618 2501 736 2560 iam
770 2502 1081 2561 defunctus
1119 2510 1239 2559 erat
1273 2511 1334 2560 et
1369 2503 1627 2561 necdum
1664 2500 1811 2560 alius
1837 2520 1946 2577 pro
1974 2519 2047 2560 eo
2074 2499 2223 2559 ordi·
2252 2509 2320 2568 25

235 2608 404 2657 natus
433 2596 758 2672 episcopus,
845 2595 906 2655 in
935 2615 1116 2672 quam
1146 2595 1426 2656 uidelicet
1458 2596 1826 2673 prouinciam
1862 2597 2041 2673 paulo
2067 2605 2224 2666 ante,

235 2696 351 2753 hoc
380 2704 467 2752 est
494 2704 630 2752 ante
657 2695 981 2769 praefatum
1010 2692 1202 2752 uirum
1231 2692 1332 2752 dei
1355 2695 1652 2766 Boselum,
1676 2692 1766 2752 uir
1792 2690 2225 2752 strenuissimus

235 2800 295 2849 et
338 2788 710 2849 doctissimus
764 2800 943 2864 atque
997 2788 1333 2849 excellentis
1379 2787 1600 2865 ingenii
1651 2788 1945 2848 uocabulo
1998 2784 2225 2846 Tatfrid

237 2888 314 2945 de
356 2885 622 2945 eiusdem
664 2885 995 2945 abbatissae
1035 2883 1395 2945 monasterio
1436 2887 1657 2945 electus
1695 2894 1782 2945 est
1822 2882 2062 2943 antistes
2098 2881 2222 2953 sed,

236 2980 573 3059 priusquam
602 2981 855 3041 ordinari
880 2992 1097 3058 posset,
1127 2992 1318 3043 morte
1345 2981 1636 3041 inmatura
1661 2989 2002 3057 praereptus
2030 2987 2133 3038 est.

357 3079 498 3136 Non
543 3078 735 3136 solum
788 3097 927 3154 ergo
978 3079 1237 3153 praefata
1295 3076 1513 3138 Christi
1566 3078 1779 3137 ancilla
1824 3085 1886 3136 et
1932 3073 2226 3136 abbatissa

237 3172 407 3251 Hssd,
458 3194 638 3251 quam
704 3194 913 3235 omnes
968 3176 1073 3251 qui
1125 3187 1414 3236 nouerant
1461 3176 1541 3236 ob
1595 3174 1824 3253 insigne
1876 3171 2110 3252 pietatis
2165 3179 2225 3231 et

952 3283 995 3316 ²²
1029 3287 1215 3336 ancella
1248 3303 1310 3352 pr
1331 3303 1462 3338 man.

2251 2990 2325 3046 30
