2567 3750
286 240 390 310 164
770 251 865 300 OF
907 252 1057 300 THE
1098 252 1298 302 ABBA
1312 252 1364 299 T
1393 237 1731 304 ALBJNUS.
1940 235 2242 317 [PREFACE

272 400 506 440 uersum
534 380 659 458 ipse
688 381 973 441 sollertius
1002 384 1079 442 ad
1108 383 1485 458 exsequenda
1520 401 1591 441 ea
1630 401 1779 458 quae
1817 383 1978 443 bona
2016 403 2088 442 ac
2126 385 2242 443 deo

273 476 452 552 digna
495 496 622 537 esse
678 477 1021 553 cognouerit
1068 479 1421 536 accenditur.
1500 479 1663 554 quod
1690 479 1882 554 ipsum
1911 490 1976 538 tu
2003 498 2241 555 quoque

272 572 710 647 uigilantissime
753 574 1201 649 deprehendens
1240 573 1543 632 historiam
1584 585 1969 634 memoratam
2009 574 2072 633 in
2097 574 2245 634 noti-

271 667 415 727 tiam
455 668 562 727 tibi
603 668 893 744 simulque
937 669 1019 727 eis
1060 669 1273 746 quibus
1319 679 1377 727 te
1420 667 1688 743 regendis
1735 669 1936 728 diuina
1970 670 2246 745 praefecit

272 763 601 838 auctoritaS‚
641 765 722 822 ob
756 765 1041 840 generalis
1081 783 1280 823 curam
1322 763 1522 823 salutis
1560 763 1732 823 latius
1771 766 2060 841 propalari
2100 765 2247 825 desi·
2311 786 2342 845 5

273 861 457 919 (ieras,
1015 922 1022 927 ,
1231 924 1234 927 Α

388 957 474 1015 Vt
500 966 693 1016 autem
721 954 783 1014 in
810 956 901 1016 his
930 976 1080 1032 quae
1109 955 1312 1031 scripsi
1341 957 1436 1015 uel
1466 956 1571 1015 tibi
1599 959 1696 1016 uel
1730 957 1936 1017 ceteris
1972 957 2245 1018 auditori-

272 1055 382 1112 bus
429 1053 554 1112 siue
609 1054 922 1113 lectoribus
975 1053 1148 1113 huius
1194 1052 1470 1113 historiae
1519 1053 1891 1113 occasionem
1939 1053 2246 1113 dubitandi

274 1151 623 1222 subtraham,
652 1150 865 1226 quibus
892 1151 1041 1209 haec
1066 1150 1321 1212 maxime
1351 1152 1684 1210 auctoribus
1713 1150 2017 1210 didicerim
2059 1149 2245 1210 breui-

274 1258 361 1305 ter
411 1246 678 1306 intimare
735 1249 969 1306 curabo,
1054 1256 1260 1305 auctor
1325 1257 1463 1305 ante
1519 1265 1728 1305 omnes
1782 1257 1962 1320 atque
2015 1245 2247 1306 adiutor
2278 1280 2348 1317 10

273 1344 539 1421 opusculi
573 1344 745 1403 huius
777 1345 1027 1403 Albinus
1064 1345 1220 1401 abba
1245 1342 1746 1402 reuerentissimus
1787 1342 1877 1401 uir
1911 1361 2016 1418 per
2048 1341 2247 1402 omnia

273 1439 644 1500 doctissimus
686 1438 874 1498 extitit
885 1459 903 1511 3
943 1437 1045 1514 qui
1084 1438 1145 1496 in
1185 1438 1435 1497 ecclesia
1476 1437 1923 1497 Cantuariorum
1963 1457 1999 1496 a
2039 1439 2246 1496 beatae

276 1535 588 1595 memoriae
654 1535 973 1594 Theodoro
1027 1533 1470 1610 archiepiscopo
1538 1544 1597 1592 et
1660 1533 1970 1592 Hadriano
2030 1535 2244 1593 abbate

275 1631 410 1690 uiris
452 1631 887 1691 uenerabilibus
928 1641 1110 1707 atque
1152 1629 1556 1690 eruditissimis
1597 1629 1910 1702 institutuS‚
1941 1629 2247 1705 diligenter

274 1726 487 1798 omnia,
534 1746 685 1804 quae
725 1727 787 1785 in
826 1727 955 1802 ipsa
987 1724 1443 1785 Cantuariorum
1485 1724 1788 1800 prouincia
1822 1727 1917 1783 uel
1963 1725 2141 1784 etiam
2183 1725 2247 1784 in
2278 1757 2298 1793 1
2314 1755 2343 1811 5

275 1821 561 1899 contiguis
590 1822 782 1882 eidem
810 1820 1147 1898 regionibus
1173 1840 1210 1880 a
1238 1819 1536 1898 discipulis
1563 1819 1721 1880 beati
1756 1838 1944 1896 papae
1983 1820 2246 1897 Gregorii

272 1930 437 1995 gesta
474 1921 650 1992 fuere,
678 1920 777 1979 uel
817 1918 1193 1977 monimentis
1233 1918 1552 1977 litterarum
1595 1919 1692 1978 uel
1738 1919 2035 1977 seniorum
2077 1920 2247 1998 tradi-

273 2014 435 2074 tione
475 2025 851 2091 cognouerat,
897 2025 956 2073 et
996 2033 1068 2073 ea
1108 2013 1253 2072 mihi
1299 2015 1374 2073 de
1418 2013 1510 2071 his
1554 2033 1703 2089 quae
1750 2015 2033 2073 memoria
2072 2016 2247 2089 digna

271 2109 623 2171 uidebantur
648 2130 753 2186 per
786 2109 1118 2186 religiosum
1158 2108 1594 2169 Lundoniensis
1636 2110 1916 2170 ecclesiae
1954 2112 2248 2186 presbyte-

272 2226 398 2265 rum
437 2210 839 2279 Nothelmum‚
872 2208 996 2268 siue
1028 2206 1233 2266 litteris
1270 2209 1551 2266 mandata
1578 2206 1700 2265 siue
1728 2205 1907 2283 ipsius
1942 2207 2246 2268 Nothelmi
2275 2234 2349 2269 20

270 2302 428 2377 uiua*
447 2323 601 2377 uoce
646 2305 967 2375 referenda,
1011 2302 1342 2361 transmisit.
1428 2302 1527 2377 qui
1570 2302 1848 2361 uidelicet
1894 2305 1953 2361 N
1958 2305 2247 2362 othehnus

271 2412 479 2476 postea
507 2401 763 2459 Romam
797 2400 1039 2459 ueniens
1082 2401 1393 2458 nonnullas
1434 2398 1517 2458 ibi
1557 2398 1714 2458 beati
1756 2399 2018 2475 Gregorii
2058 2419 2245 2475 papae

273 2496 443 2573 simul
486 2508 546 2557 et
588 2497 835 2558 aliorum
880 2496 1223 2573 pontificum
1268 2496 1545 2571 epistolas
1584 2507 1944 2571 perscrutato
1986 2495 2246 2555 eiusdem

273 2605 509 2654 sanctae
551 2593 833 2653 ecclesiae
875 2593 1184 2651 Romanae
1220 2590 1434 2650 scrinio
1472 2591 1756 2667 permissu
1793 2591 1919 2649 eius
1955 2592 2056 2667 qui
2088 2610 2248 2649 nunc

272 2690 383 2766 ipsi
411 2690 692 2749 ecclesiae
720 2700 949 2764 praeest
978 2687 1241 2764 Gregorii
1268 2687 1563 2763 pontificis
1599 2687 1837 2758 inuenit,
1867 2696 2246 2763 reuersusque
2275 2715 2302 2751 2
2314 2712 2345 2770 5

272 2790 446 2849 nobis
500 2801 732 2849 nostrae
787 2787 1063 2846 historiae
1116 2787 1460 2847 inserendas
1514 2807 1650 2846 cum
1704 2786 1952 2846 consilio
1994 2786 2246 2863 npraefati

274 2884 473 2943 Albini
498 2882 949 2944 reuerentissimi
976 2881 1155 2959 patris
1182 2882 1407 2941 adtulit.
1491 2902 1529 2940 a
1554 2881 1839 2959 principio
1867 2882 2067 2958 itaque
2087 2884 2249 2940 uolu-

274 2980 447 3039 minis
500 2980 670 3039 huius
712 2999 898 3057 usque
948 2980 1024 3038 ad
1073 2989 1308 3055 tempus
1353 2998 1474 3055 quo
1513 2999 1657 3055 gens
1705 2981 2029 3054 Anglorum
2071 2973 2247 3038 fidem

277 3075 490 3135 Christi
515 3077 783 3160 perc-epit,
814 3096 890 3135 ex
920 3076 1177 3153 priorum
1211 3076 1467 3135 maxime
1508 3074 1735 3152 scriptis
1774 3074 1914 3133 hinc
1953 3074 2092 3135 inde
2135 3076 2248 3133 col·

277 3170 441 3229 lectis
469 3190 539 3230 ea
567 3191 718 3248 quae
745 3191 1146 3248 promeremus
1174 3170 1505 3230 didicimus·
1591 3172 1802 3231 exinde
1835 3181 2034 3230 autem
2061 3189 2247 3246 usque
2274 3190 2348 3245 30

277 3265 352 3323 ad
380 3275 646 3341 tempora
682 3268 1027 3342 praesentia,
1072 3287 1223 3344 quae
1263 3267 1327 3326 in
1368 3268 1615 3327 ecclesia
1657 3267 2106 3328 Cantuariorum
2147 3286 2251 3342 per

279 3359 593 3436 discipulos
621 3361 778 3420 beati
814 3381 1003 3439 papae
1040 3362 1308 3439 Gregorii
1351 3362 1475 3422 siue
1517 3382 1880 3422 successores
1922 3380 2124 3422 eorum
2151 3364 2248 3421 uel

280 3455 389 3512 sub
417 3454 628 3531 quibus
661 3456 893 3532 regibus
929 3468 1094 3534 gesta
1133 3457 1267 3534 sint,
1311 3457 1618 3518 memorati
1657 3459 1886 3518 abbatis
1928 3455 2127 3516 Albini
2168 3455 2250 3515 in-
