2567 3750
307 239 411 296 182
1039 253 1500 303 cUTHBERcz
2050 234 2270 317 [Tm-1-

1187 426 1359 489 'VIII

432 560 1197 619 ESIDERANTISSIMO
1247 569 1308 618 et
1355 559 1701 619 suauissimo
1740 560 1801 619 in
1844 560 2061 622 Christi
2095 561 2269 622 dilec-

508 655 667 715 tione
720 655 912 715 amico
945 652 1140 716 ·L'ullo
1194 655 1477 732 episcopo
1531 668 1591 716 et
1637 657 1900 717 omnium
1942 657 2265 718 antistitum

289 749 589 811 carissimo
618 752 917 823 Gutberct‚
947 750 1267 826 discipulus
1297 752 1461 811 Beda
1486 751 1808 828 presbiteri,
1839 753 2100 812 salutem.

410 848 721 906 Gratanter
759 846 999 924 quidem
1039 848 1388 907 munuscula
1423 859 1558 908 tuae
1601 849 1854 909 caritatis
1893 847 2156 925 suscepi3
2204 858 2264 908 et
2329 857 2361 917 5

289 961 362 1002 eo
388 943 725 1018 gratantiUS,
754 962 875 1020 quo
910 953 970 1002 te
996 944 1145 1003 haec
1172 943 1383 1003 intimo
1411 944 1744 1005 deuotionis
1781 947 1995 1005 affectu
2032 945 2261 1004 mittere

288 1039 557 1115 cognoui.
642 1039 704 1099 id
745 1050 848 1112 est,
879 1039 1265 1099 holosericam
1302 1042 1381 1100 ad
1408 1042 1683 1118 reliquias
1709 1044 1919 1102 beatae
1945 1041 2261 1102 memoriae

289 1136 487 1193 Baeda
512 1134 770 1212 magistri
806 1135 986 1195 nostri
1024 1137 1102 1195 ob
1138 1136 1604 1197 recordationem
1643 1147 1703 1196 et
1741 1137 1896 1195 illius
1937 1136 2261 1197 ueneratio-

285 1249 425 1288 nem
467 1230 786 1289 destinasti.
871 1241 931 1290 et
976 1242 1204 1290 rectum
1253 1232 1493 1307 quidem
1541 1232 1686 1291 mihi
1734 1233 1983 1317 uidetur,
2030 1245 2096 1294 ut
2135 1244 2262 1294 tota

284 1345 427 1401 gens
468 1329 791 1402 Anglorum
832 1327 894 1386 in
937 1327 1207 1388 omnibus
1248 1327 1584 1404 prouinciis,
1640 1329 1996 1405 ubicumque
2049 1329 2260 1406 reperti
2293 1354 2362 1391 10

285 1432 436 1495 sunt,
466 1422 677 1497 gratias
715 1425 831 1483 deo
867 1425 1129 1495 referant,
1167 1425 1306 1498 quia
1342 1433 1463 1482 tam
1500 1423 1821 1483 mirabilem
1858 1424 2066 1498 uirum,
2100 1444 2262 1501 prae-

284 1518 473 1577 ditum
500 1518 562 1577 in
595 1518 840 1579 diuersis
878 1519 1051 1578 donis
1087 1529 1327 1595 tamque
1365 1518 1443 1578 ad
1481 1521 1805 1579 exercenda
1845 1520 2004 1579 dona
2044 1521 2261 1580 studio-

283 1635 414 1674 sum
455 1615 830 1691 similiterque
870 1615 932 1673 in
972 1614 1147 1675 bonis
1186 1614 1448 1674 moribus
1497 1614 1815 1688 uiuentem,
1856 1616 2002 1675 deus
2044 1616 2157 1676 illis
2197 1616 2259 1675 in

283 1729 388 1769 sua
432 1711 673 1771 natione
722 1711 991 1771 donauit.-
1066 1711 1205 1786 quia
1255 1729 1361 1787 per
1415 1711 1897 1787 experimentum,
1951 1713 2029 1772 ad
2075 1705 2284 1789 pedes

282 1807 406 1866 eius
441 1807 707 1879 nutrituS,
736 1809 851 1867 hoc
893 1809 1055 1885 quod
1095 1827 1266 1866 narro
1297 1806 1497 1866 didici.
1579 1807 1959 1886 similiterque
1992 1809 2256 1870 mihimet
2290 1833 2357 1892 15

281 1904 392 1980 ipsi
440 1904 869 1980 coopertorium
913 1904 1220 1979 uariatum,
1268 1906 1347 1966 ad
1394 1907 1713 1982 tegendum
1762 1906 1982 1967 scilicet
2021 1920 2257 1986 propter

280 1999 455 2076 frigus
499 2020 697 2060 meum
745 2019 973 2076 corpus,
1021 2000 1244 2060 misisti.
1332 2002 1493 2077 quod
1542 2000 1819 2061 uidelicet
1866 2002 2255 2079 omnipotenti

229 2161 234 2168 ¹
280 2095 397 2155 deo
431 2106 490 2155 et
523 2097 698 2154 beato
732 2096 914 2155 Paulo
941 2096 1213 2171 apostolo
1247 2095 1327 2154 ad
1361 2094 1731 2154 induendum
1769 2099 1965 2171 altare,
1996 2098 2158 2172 quod
2194 2098 2254 2156 in

280 2191 403 2251 eius
431 2189 677 2250 ecclesia
705 2192 821 2250 deo
847 2201 1253 2250 consecratum
1283 2201 1387 2263 est,
1418 2211 1555 2250 cum
1591 2212 1807 2268 magno
1834 2194 2052 2269 gaudio
2081 2193 2218 2253 dedi
2238 2216 2256 2267 3

278 2289 420 2365 quia
447 2299 505 2347 et
532 2307 643 2364 ego
672 2290 781 2347 sub
814 2287 937 2346 eius
973 2288 1339 2363 protectione
1375 2287 1438 2346 in
1474 2290 1592 2348 hoc
1629 2288 1986 2349 monasterio
2014 2290 2254 2366 quadra-
2285 2314 2391 2364 20,

278 2384 440 2461 ginta
468 2394 525 2443 et
554 2404 657 2442 sex
681 2403 869 2442 annos
898 2382 1033 2442 uixi.

399 2482 577 2538 Nunc
604 2498 761 2552 uero,
795 2477 934 2554 quia
958 2477 1175 2553 rogasti
1201 2477 1424 2553 aliquid
1451 2479 1527 2538 de
1555 2478 1849 2555 opusculis
1874 2480 2032 2540 beati
2057 2479 2252 2558 patriS,

278 2595 415 2636 cum
444 2574 590 2635 meis
617 2576 811 2650 pueris
838 2574 999 2633 iuxta
1024 2574 1195 2647 uireS,
1218 2575 1380 2649 quod
1407 2575 1591 2652 potui,
1614 2587 1751 2636 tuae
1773 2576 2076 2638 dilectioni
2095 2599 2256 2655 prae-

275 2670 512 2746 paraui:
552 2668 783 2729 libellos
811 2670 887 2728 de
920 2669 1049 2728 uiro
1086 2669 1183 2728 dei
1212 2670 1568 2744 Cudberct0,
1597 2682 1785 2731 metro
1815 2682 1873 2731 et
1898 2691 2073 2748 prosa
2098 2692 2258 2734 com-

276 2763 518 2841 positOS‚
548 2774 685 2823 tuae
712 2764 1001 2823 uoluntati
1029 2765 1231 2826 direxi.
1289 2777 1371 2838 -et,
1403 2766 1451 2826 si
1477 2768 1610 2842 plus
1637 2766 1975 2842 potuissem,
2005 2767 2255 2827 libenter
2284 2782 2314 2820 2
2324 2782 2356 2839 5

276 2860 608 2919 uoluissem.
693 2860 831 2935 quia
856 2860 1186 2935 praesentia
1211 2860 1507 2936 praeteriti
1543 2860 1751 2921 hiemis
1787 2864 2037 2922 multum
2078 2863 2257 2922 honi-

274 2956 467 3016 biliter
492 2956 743 3032 insulam
769 2966 1005 3015 nostrae
1030 2956 1221 3032 gentis
1247 2957 1310 3016 in
1334 2956 1543 3034 frigore
1582 2968 1643 3017 et
1676 2960 1812 3034 gelu
1850 2969 1910 3017 et
1944 2969 2255 3021 uentorum

274 3062 336 3111 et
361 3051 635 3110 imbrium
660 3049 931 3125 procellis
959 3049 1062 3109 diu
1088 3053 1324 3127 lateque
1352 3052 1651 3128 depressit,
1682 3052 1937 3129 ideoque
1959 3053 2255 3131 scriptoris

275 3163 502 3218 manus,
547 3163 625 3204 ne
668 3146 729 3204 in
775 3145 1157 3220 plurimorum
1205 3147 1484 3209 librorum
1538 3168 1847 3210 numerum
1899 3150 2250 3226 perueniret,

274 3240 658 3298 retardaretur
664 3284 806 3297 ......
2280 3264 2360 3320 30

435 3385 457 3418 ¹
491 3388 782 3438 Gutberctus
805 3390 873 3450 (in
895 3390 1133 3442 Bonifatii
1155 3410 1218 3458 ep
1247 3409 1337 3457 134
1359 3410 1429 3458 pp
1452 3407 1638 3455 300—2
1661 3391 1806 3457 Jaffe)
1829 3401 1883 3442 to
1906 3394 2036 3444 Lull.

436 3449 479 3481 ²⁸⁶
513 3455 604 3499 ‘an
626 3456 1033 3515 perseuerantia?'
