2567 3750
282 233 590 316 (32)=·-30]
729 251 824 300 OF
865 251 1017 299 THE
1058 251 1326 302 Βαίας
1370 251 1465 298 OF
1505 250 1916 299 CUDBERCT.
2145 238 2252 294 161

1075 488 1373 571 [XXXII]

288 635 529 760 NEC
573 635 806 695 silentio
861 637 1352 712 praetereundum
1399 635 1560 711 quod
1615 645 1752 694 ante
1798 633 2113 694 triennium
2156 654 2262 711 per

459 732 733 808 reliquias
776 731 900 790 eius
943 733 1164 790 factum
1213 751 1400 806 nuper
1440 731 1586 789 mihi
1628 751 1732 806 per
1773 731 1984 808 ipsum,
2030 731 2092 789 in
2140 749 2260 807 quo

275 828 495 888 factum
532 837 637 899 est,
677 829 922 906 fratrem,
958 826 1229 886 innotuit.
1317 838 1406 887 est
1441 839 1639 886 autem
1680 829 1900 885 factum
1933 827 1995 885 in
2030 847 2261 889 monas-

218 946 248 1004 5
278 916 421 984 terio
470 924 634 1000 quod
677 922 840 980 iuxta
886 941 1123 981 amnem
1170 925 1402 981 Dacore
1448 933 1848 982 constructum
1885 923 1962 982 ab
2010 943 2084 984 eo
2129 943 2262 999 cog-

277 1038 494 1079 nomen
537 1017 780 1093 accepit,
842 1017 937 1076 cui
990 1028 1132 1077 tunc
1178 1019 1269 1079 uir
1321 1019 1620 1095 religiosus
1672 1019 1981 1078 Suidberct
2032 1019 2260 1081 abbatis

276 1115 398 1174 iure
446 1114 707 1189 praefuit.
792 1102 915 1173 erat
962 1114 1023 1172 in
1080 1133 1154 1173 eo
1212 1114 1455 1190 quidam
1512 1106 1859 1175 adulescens
1916 1114 2013 1174 cui
2066 1126 2263 1174 tumor
2317 1176 2322 1182 ,

276 1211 552 1271 deformis
598 1212 941 1288 palpebram
992 1210 1148 1269 oculi
1203 1212 1576 1270 foedauerat:
1640 1211 1741 1286 qui
1796 1231 1932 1269 cum
1985 1230 2092 1287 per
2135 1211 2260 1269 dies

275 1324 543 1366 crescens
597 1309 773 1366 oculo
809 1306 1108 1366 interitum
1152 1306 1486 1377 minaretur,
1529 1308 1814 1365 curabant
1853 1307 2069 1366 medici
2102 1308 2262 1365 hunc

182 1431 251 1469 10
275 1404 559 1481 adpositis
613 1405 1049 1480 pigmentorum
1107 1404 1384 1462 fomentis
1443 1403 1704 1462 emollire
1768 1423 1880 1463 nec
1947 1407 2226 1463 ualebant
2243 1426 2260 1477 3

276 1501 517 1578 quidam
573 1500 999 1559 abscidendum
1053 1518 1180 1558 esse
1232 1499 1544 1570 docebant,
1603 1498 1701 1556 alii
1754 1499 1871 1557 hoc
1922 1499 2045 1556 fieri
2098 1510 2259 1557 metu

275 1597 509 1655 maioris
557 1596 803 1672 periculi
854 1597 1150 1654 uetabant.
1256 1613 1511 1669 cumque
1567 1605 1836 1670 tempore
1890 1614 2012 1654 non
2068 1614 2260 1670 pauco

274 1694 449 1751 frater
486 1694 776 1768 praefatus
818 1692 921 1750 tali
968 1692 1350 1750 incommodo
1394 1686 1683 1750 laboraret
1728 1709 1923 1766 neque
1968 1690 2260 1749 inminens

277 1789 450 1847 oculo
500 1787 740 1846 exitium
776 1789 1034 1845 humana
1069 1807 1278 1845 manus
1320 1806 1516 1845 curare
1557 1789 1778 1849 ualeret
1816 1786 1958 1863 quin
1995 1806 2099 1861 per
2135 1785 2262 1845 dies

180 1910 245 1967 15
275 1894 631 1959 augesceret,
679 1884 923 1959 contigit
972 1886 1119 1942 eum'
1154 1885 1351 1943 subito
1393 1884 1627 1943 diuinae
1664 1884 1899 1960 pietatis
1935 1883 2118 1960 gratia
2157 1902 2262 1959 per

275 1980 623 2041 sanctissimi
663 1980 840 2055 patris
882 1976 1203 2040 Cudbercti
1243 1981 1514 2055 reliquias
1552 1980 1756 2039 sanari.
1840 2000 1979 2038 nam
2023 1979 2261 2056 quando

273 2079 476 2137 fratres
526 2076 617 2135 sui
664 2096 876 2152 corpus
924 2077 1105 2153 ipsius
1149 2090 1284 2154 post
1327 2081 1544 2137 multos
1578 2080 1911 2154 sepulturae
1949 2098 2136 2136 annos
2180 2078 2262 2136 in-

277 2186 617 2252 corruptum
660 2175 1032 2250 reperierunt,
1090 2155 1345 2234 tuleruni:
1398 2188 1624 2252 partem
1673 2178 1749 2235 de
1806 2175 2028 2251 capillis
2084 2195 2261 2251 quam

278 2293 440 2332 more
483 2273 855 2347 reliquiarum
903 2274 1245 2348 rogantibus
1289 2274 1492 2331 amicis
1537 2275 1674 2332 dare
1711 2273 1809 2331 uel
1853 2273 2162 2331 ostendere
2200 2271 2260 2329 in

179 2400 252 2437 20
280 2368 511 2445 signum
540 2368 804 2426 miraculi
829 2380 1085 2444 possent.

403 2467 635 2523 Harum
690 2466 1033 2538 particulam
1102 2464 1473 2540 reliquiarum
1530 2475 1616 2524 ‘eo
1669 2476 1936 2541 tempore
2004 2465 2258 2524 habebat

280 2583 462 2640 penes
492 2582 553 2621 se
582 2562 823 2637 quidam
862 2562 937 2620 de
973 2553 1323 2637 presbyteris
1352 2562 1616 2621 eiusdem
1657 2560 1993 2642 monasterii
2020 2562 2261 2621 nomine

278 2658 629 2729 Thruidred‚
670 2656 771 2732 qui
808 2676 966 2714 nunc
1007 2656 1188 2731 ipsius
1224 2656 1561 2716 monasterii
1587 2658 1767 2716 abbas
1800 2668 1903 2716 est.
1989 2657 2090 2732 qui
2127 2676 2264 2716 cum

281 2753 378 2812 die
422 2753 677 2828 quadam
721 2752 1010 2828 ingressus
1055 2752 1364 2811 ecclesiam
1407 2752 1726 2828 aperuisset
1763 2754 1994 2810 thecam
2038 2750 2266 2826 reliqui-

179 2876 209 2913 2
217 2874 249 2930 5
280 2867 445 2906 arum
474 2857 538 2906 ut
564 2846 895 2923 portionem
922 2867 1122 2906 earum
1162 2848 1390 2923 roganti
1429 2848 1621 2906 amico
1655 2857 1990 2923 praestaret,
2021 2845 2265 2921 contigit

280 2955 341 3000 et
393 2941 586 3019 ipsum
641 2944 1096 3015 adulescentem,
1155 2942 1250 3001 cui
1306 2944 1511 3002 oculus
1565 2943 1893 3017 languebat,
1952 2941 2014 2999 in
2056 2943 2264 3001 eadem
2323 2942 2329 2948 '

280 3042 529 3100 ecclesia
555 3052 697 3100 tunc
723 3041 945 3100 adesse.
1017 3060 1271 3115 cumque
1297 3040 1599 3116 presbyter
1624 3038 1956 3121 portionem
1984 3048 2265 3113 quantam

282 3135 468 3195 uoluit
496 3135 689 3195 arnico
718 3134 990 3207 dedisset,
1020 3136 1320 3221 residuum
1349 3132 1513 3194 dedit
1553 3133 1931 3204 adulescenti,
1961 3143 2027 3191 ut
2070 3151 2177 3191 suo
2205 3132 2267 3189 in

282 3235 417 3294 loco
470 3244 795 3309 reponeret.
879 3245 938 3293 at
992 3234 1091 3294 ille
1137 3234 1352 3293 salubri
1395 3233 1676 3292 instinctu
1723 3230 2078 3303 admonituS,
2129 3250 2266 3289 cum

177 3353 256 3409 30
279 3328 603 3405 accepisset
646 3330 887 3406 capillos
942 3329 1129 3389 sancti
1182 3329 1406 3405 capitiS,
1453 3327 1728 3405 adposuit
1780 3327 2096 3403 palpebrae
2150 3326 2269 3383 lan·

411 3457 432 3490 ²
466 3457 631 3505 XXX
646 3473 735 3508 mS.
1032 3457 1054 3490 ⁸
1070 3458 1180 3521 fid·
1217 3473 1308 3509 ms.
1604 3454 1646 3488 2⁶
1678 3432 2013 3505 aduliscentem
2043 3468 2132 3500 τηε.

448 3579 498 3623 Β.
2038 3574 2104 3613 11
