2567 3750
292 34 352 116 3]
752 37 990 85 PIETY
1028 37 1122 85 OF
1156 37 1429 85 BISHOP
1470 37 1791 86 CEADDA.
2177 40 2247 98 97

285 169 555 230 caelestia
610 188 761 246 quae
825 187 1055 244 semper
1106 169 1377 227 amabam
1430 188 1500 228 ac
1542 167 1950 228 desiderabam
1996 169 2254 244 praemia

282 284 492 327 uocare
520 275 807 325 uenerunt
835 275 893 324 et
929 274 1063 339 post
1091 263 1215 323 dies
1256 263 1339 322 uii
1378 283 1443 323 se
1482 263 1772 324 redituros
1812 282 1883 322 ac
1923 282 2020 324 me
2055 283 2253 325 secum

281 366 635 425 adducturos
671 381 798 421 esse
834 360 1256 437 promiserunt.'
1338 361 1500 436 quod
1538 360 1777 436 quidem
1819 359 1902 420 ita
1926 370 1993 420 ut
2031 360 2253 421 dictum

282 460 336 519 ei
389 468 530 531 erat,
585 476 763 534 opere
817 457 1176 531 completum
1233 464 1337 529 est.
1422 475 1561 514 nam
1614 454 1923 515 confestim
1974 456 2253 531 languore

221 577 254 633 5
281 553 540 628 corporis
587 562 777 611 tactus
824 562 911 610 est
953 561 1011 610 et
1051 551 1167 609 hoc
1198 568 1304 626 per
1343 550 1469 610 dies
1510 550 1950 626 ingrauescente
1984 550 2250 627 septimo,

281 658 344 707 ut
370 646 720 724 promissum
757 646 812 706 ei
838 648 1038 718 fuerat,
1064 646 1161 706 die
1187 658 1502 723 postquam
1530 647 1757 705 obitum
1780 665 1951 706 suum
1973 647 2251 707 dominici

278 741 540 818 corporis
567 753 626 802 et
653 740 946 817 sanguinis
972 741 1349 817 perceptione
1376 741 1626 801 muniuit
1653 743 1841 801 soluta
1860 743 1935 801 ab
1963 744 2251 819 ergastulo

278 837 539 914 corporis
578 835 774 896 anima
812 847 1014 895 sancta
1053 835 1417 908 ducentibuS,
1460 846 1526 895 ut
1566 835 1726 895 credi
1764 838 1850 895 fas
1891 846 1994 908 est,
2034 837 2252 913 angelis

280 932 594 992 comitibus
647 942 882 992 aeterna
935 932 1148 1008 gaudia
1198 932 1421 1009 petiuit.
1507 952 1630 992 non
1696 944 1893 993 autem
1940 932 2149 991 mirum
2203 933 2250 992 si

183 1050 254 1089 10
279 1028 440 1088 diem
480 1027 684 1086 mortis
723 1029 819 1086 uel
859 1027 1053 1103 potius
1094 1028 1252 1088 diem
1295 1027 1520 1088 domini
1568 1031 1753 1089 laetus
1791 1029 2030 1105 aspexit,
2072 1047 2250 1104 quem

278 1142 527 1198 semper,
556 1124 887 1198 usquedum
913 1123 1154 1196 ueniret,
1186 1124 1467 1184 sollicitus
1496 1135 1830 1200 exspectare
1858 1124 2100 1184 curauit.

399 1223 676 1295 Namque
723 1219 874 1280 inter
917 1221 1083 1296 plura
1124 1221 1522 1282 continentiae
1565 1220 1908 1281 humilitatis
1946 1221 2245 1281 doctrinae

277 1318 610 1378 orationum
663 1316 1029 1377 uoluntariae
1081 1319 1438 1393 paupertatis
1483 1329 1544 1378 et
1586 1328 1912 1378 ceterarum
1967 1317 2247 1377 uirtutum

276 1414 487 1474 merita
533 1414 592 1473 in
640 1423 866 1473 tantum
910 1425 1032 1473 erat
1075 1413 1267 1474 timori
1312 1414 1537 1473 domini
1582 1414 1862 1489 subdituS‚
1914 1416 1976 1474 in
2020 1426 2247 1475 tantum

180 1525 247 1583 15
275 1507 732 1568 nouissimorum
760 1528 999 1568 suorum
1026 1508 1088 1567 in
1114 1508 1391 1568 omnibus
1428 1509 1701 1585 operibus
1734 1508 1851 1569 suis
1891 1529 2135 1584 memor,
2164 1521 2245 1581 ut,

277 1605 429 1664 sicut
453 1604 600 1663 mihi
625 1606 797 1664 frater
823 1604 1060 1680 quidam
1091 1605 1166 1664 de
1203 1604 1294 1663 his
1332 1605 1432 1680 qui
1468 1623 1565 1662 me
1605 1605 1667 1663 in
1707 1603 2001 1680 scripturis
2029 1604 2248 1664 erudie-

273 1702 421 1759 bant
474 1711 535 1758 et
578 1709 702 1759 erat
748 1699 809 1758 in
854 1699 1211 1759 monasterio
1255 1720 1327 1759 ac
1379 1700 1713 1777 magisterio
1765 1701 1918 1761 illius
1968 1703 2246 1761 educatus

273 1794 572 1853 uocabulo
599 1795 945 1854 Trumberct
980 1797 1189 1854 referre
1226 1796 1469 1869 solebat,
1501 1796 1551 1855 si
1586 1798 1732 1855 forte
1771 1797 2002 1873 legente
2040 1814 2113 1856 eo
2148 1798 2245 1856 uel

273 1891 434 1951 aliud
490 1891 631 1966 quid
684 1902 893 1967 agente
947 1904 1187 1967 repente
1228 1894 1401 1953 flatus
1452 1892 1616 1953 uenti
1659 1894 1847 1952 maior
1892 1896 2241 1970 adsurgeret,

180 2006 251 2043 20
273 1984 560 2045 continuo
602 1985 1060 2046 misericordiam
1119 1987 1347 2047 domini
1389 1988 1690 2048 inuocaret
1758 1999 1817 2048 et
1857 2007 1994 2048 eam
2048 1989 2243 2065 generi

271 2082 536 2140 humano
571 2079 870 2156 propitiari
910 2092 1175 2156 rogaret3
1231 2083 1280 2141 si
1320 2094 1517 2142 autem
1560 2082 1872 2143 uiolentior
1907 2102 2046 2142 aura
2084 2082 2245 2142 insis-

271 2187 436 2248 teret,
465 2175 584 2234 iam
611 2178 810 2235 clauso
837 2175 1045 2236 codice
1073 2176 1402 2252 procideret
1430 2178 1488 2236 in
1517 2178 1725 2237 faciem
1766 2189 1945 2255 atque
1973 2177 2242 2237 obnixius

270 2271 522 2331 orationi
575 2270 974 2345 incumberet3
1042 2283 1103 2331 at
1160 2272 1208 2331 si
1260 2275 1519 2348 procella
1585 2273 1789 2335 fortior
1840 2283 1940 2332 aut
2005 2272 2241 2332 nimbus

271 2378 607 2443 perurgeret
646 2368 742 2426 uel
782 2366 960 2427 etiam
1002 2368 1228 2427 corusci
1268 2388 1340 2428 ac
1382 2369 1637 2429 tonitrua
1672 2381 1851 2430 terras
1889 2381 1949 2429 et
1974 2389 2109 2429 aera
2134 2382 2241 2428 ter-

173 2485 205 2524 2
211 2482 241 2540 5
272 2473 482 2534 rerent,
513 2473 655 2521 tunc
691 2463 936 2522 ueniens
976 2464 1053 2522 ad
1096 2464 1402 2523 ecclesiam
1445 2465 1725 2524 sollicitus
1766 2463 2127 2524 orationibus
2170 2482 2239 2522 ac

268 2557 526 2633 psalmis,
574 2556 767 2618 donec
813 2557 1091 2617 serenitas
1135 2558 1283 2617 aeris
1321 2559 1549 2632 rediret,
1591 2561 1706 2617 fixa
1746 2569 1945 2618 mente
1986 2569 2233 2618 uacaret.

268 2673 525 2730 cumque
565 2654 1010 2731 interrogaretur
1043 2675 1080 2715 a
1107 2656 1243 2727 suis,
1286 2675 1469 2732 quare
1508 2658 1624 2716 hoc
1663 2658 1896 2727 faceret,
1911 2657 2239 2732 responde·
2279 2682 2282 2686 >

269 2752 410 2809 bat:
474 2755 490 2784 ‘
512 2771 633 2811 non
676 2752 913 2827 legistiS‚
963 2752 1102 2829 quia
1152 2752 1464 2812 “intonuit
1509 2754 1584 2813 de
1628 2754 1795 2813 caelo
1850 2751 2124 2812 dominus
2179 2763 2239 2811 et

268 2845 581 2905 altissimus
624 2846 787 2906 dedit
824 2866 1035 2908 uocem
1076 2867 1279 2921 suam;
1320 2848 1478 2907 misit
1517 2847 1754 2924 sagittas
1801 2866 1935 2908 suas
1978 2857 2036 2907 et
2077 2847 2237 2906 dissi·
