2567 3750
302 58 359 140 8]
510 75 759 127 OTHER
800 74 990 124 MIRA
999 74 1180 127 CLES
1218 75 1328 123 AT
1362 74 1517 123 THE
1564 74 1767 123 SAME
1806 72 1944 123 PLA
1955 73 2061 124 cE.
2158 72 2262 129 107

1188 275 1350 332 VIII

307 442 594 568 ERAT
647 443 709 502 in
763 444 974 504 eodem
1034 443 1388 505 monasterio
1441 464 1586 520 puer
1637 433 1811 504 trium
1865 444 2091 505 circiter
2142 464 2264 507 non

461 538 707 615 amplius
743 558 1031 599 annorum
1067 538 1279 599 Aesica
1318 540 1574 613 nomine,
1617 540 1718 616 qui
1760 552 1997 617 propter
2039 541 2266 600 infanti-

289 634 408 694 lem
452 636 647 694 adhuc
689 646 941 695 aetatem
989 636 1049 694 in
1096 635 1388 712 uirginum
1434 638 1547 695 deo
1595 636 1992 696 dedicatarum
2037 638 2263 697 solebat

229 749 261 807 5
291 732 441 790 cella
466 730 668 790 nutriri
693 731 893 807 ibique
919 730 1202 791 meditari.
1285 730 1385 790 hic
1418 733 1676 808 praefata
1710 731 2040 809 pestilentia
2074 743 2263 792 tactus

288 824 390 884 ubi
417 826 494 885 ad
523 838 778 886 extrema
804 825 1084 902 peruenit,
1105 825 1380 885 clamauit
1408 826 1576 885 tertio
1603 846 1779 885 unam
1808 827 1883 886 de
1911 826 2262 885 consecratis

289 919 525 980 Christo
568 921 903 997 uirginibus,
952 920 1187 997 proprio
1229 940 1360 980 eam
1403 919 1640 980 nomine
1685 919 1852 996 quasi
1893 931 2262 995 praesentem

286 1015 612 1090 alloquens,
644 1015 906 1091 Eadgyd,
936 1015 1199 1092 Eadgyd,
1231 1016 1475 1092 Eadgyd
1492 1035 1511 1088 3
1552 1026 1611 1075 et
1647 1014 1731 1074 sic
1768 1014 2083 1074 terminans
2121 1025 2262 1073 tem-

285 1112 548 1185 poralem
581 1111 764 1170 uitam
795 1110 1030 1171 intrauit
1067 1122 1378 1172 aeternam.
1464 1122 1523 1172 at
1557 1112 1719 1188 uirgo
1747 1111 1846 1170 illa
1880 1130 2058 1186 quam
2092 1109 2261 1168 mori-

187 1227 260 1265 10
288 1223 393 1265 ens
430 1208 699 1278 uocabat,
741 1226 879 1266 mox
914 1206 977 1265 in
1016 1209 1152 1267 loco
1183 1227 1303 1283 quo
1338 1219 1476 1280 erat,
1515 1209 1721 1267 eadem
1761 1206 1993 1265 adtacta
2027 1204 2260 1263 infirmi-

285 1309 425 1371 tate,
454 1298 583 1375 ipso
610 1319 730 1375 quo
768 1311 980 1360 uocata
1013 1312 1102 1361 est
1137 1301 1234 1361 die
1272 1302 1350 1361 de
1381 1303 1493 1360 hac
1529 1302 1660 1369 luce
1688 1302 1981 1359 subtracta
2008 1310 2067 1359 et
2095 1300 2258 1358 illum

286 1392 389 1469 qui
418 1412 479 1452 se
509 1395 744 1454 uocauit
771 1396 850 1454 ad
875 1415 1118 1472 regnum
1145 1399 1396 1456 caeleste
1424 1407 1622 1456 secuta
1648 1407 1750 1456 est.

407 1492 560 1549 Item
589 1492 879 1566 quaedam
908 1511 979 1550 ex
1006 1492 1225 1552 eisdem
1258 1492 1483 1551 ancillis
1511 1490 1623 1565 dei,
1652 1512 1789 1551 cum
1815 1491 2074 1567 praefato
2102 1501 2259 1549 tacta

285 1588 495 1646 morbo
523 1599 699 1663 atque
727 1589 803 1646 ad
838 1600 1096 1648 extrema
1122 1599 1275 1648 esset
1311 1590 1608 1665 perducta,
1637 1587 1834 1664 coepit
1870 1586 2063 1647 subito
2101 1587 2256 1648 circa

191 1704 257 1762 15
284 1684 539 1743 mediam
566 1695 802 1743 noctem
837 1686 1086 1744 clamare
1122 1683 1213 1743 his
1249 1704 1401 1760 quae
1439 1684 1548 1744 sibi
1589 1684 2007 1757 ministrabant,
2047 1696 2254 1761 petens

284 1792 350 1838 ut
395 1781 691 1839 lucernam
738 1800 891 1856 quae
944 1780 1090 1840 inibi
1135 1800 1384 1840 accensa
1427 1792 1550 1840 erat
1593 1781 2005 1858 extinguerent.
2090 1783 2253 1857 quod

283 1897 419 1936 cum
460 1878 747 1953 frequenti
789 1897 939 1937 uoce
981 1889 1266 1955 repeteret
1302 1897 1415 1938 nec
1454 1889 1652 1938 tamen
1696 1879 1751 1940 ei
1788 1877 1996 1956 aliquis
2030 1881 2252 1939 obtem-

280 1985 523 2050 peraret,
567 1977 646 2034 ad
690 1985 1013 2034 extremum
1049 1974 1277 2034 intulit:
1322 1977 1337 2005 ‘
1354 1975 1476 2035 scio
1519 1977 1680 2051 quod
1723 1996 1820 2035 me
1860 1978 2006 2035 haec
2049 1975 2253 2035 insana

281 2081 477 2131 mente
517 2071 681 2147 loqui
719 2070 1075 2132 arbitramini
1091 2092 1111 2145 3
1167 2072 1273 2131 sed
1313 2070 1431 2130 iam
1470 2091 1631 2131 nunc
1668 2092 1791 2132 non
1830 2071 1911 2131 ita
1951 2091 2078 2131 esse
2118 2091 2252 2148 cog-

180 2187 255 2224 20
278 2167 539 2227 noscite:
577 2188 717 2227 nam
744 2187 882 2228 uere
910 2167 1044 2227 dico
1071 2166 1260 2239 uobis,
1291 2168 1451 2244 quod
1480 2170 1723 2228 domum
1750 2171 1903 2228 hanc
1931 2179 2092 2227 tanta
2118 2171 2249 2229 luce

277 2262 577 2340 impletam
619 2283 748 2324 esse
788 2263 1094 2340 perspiciO,
1132 2274 1198 2323 ut
1237 2275 1431 2324 uestra
1469 2263 1568 2326 illa
1609 2266 1845 2325 lucerna
1883 2264 2027 2323 mihi
2065 2264 2250 2323 omni-

274 2361 466 2422 modis
513 2380 641 2420 esse
682 2361 952 2420 uideatur
996 2361 1280 2421 obscura.’
1361 2371 1421 2421 et
1463 2381 1600 2421 cum
1643 2382 1720 2422 ne
1766 2362 1961 2422 adhuc
2007 2363 2245 2439 quidem

272 2455 409 2514 talia
461 2454 726 2530 loquenti
768 2454 1079 2531 quisquam
1139 2458 1516 2532 responderet
1570 2458 1667 2517 uel
1720 2458 2032 2516 adsensum
2086 2476 2247 2532 prae-

269 2552 448 2623 beret,
488 2551 698 2614 iterum
740 2552 919 2612 dixit:
981 2556 997 2585 ‘
1012 2552 1318 2612 accendite
1358 2572 1494 2630 ergo
1534 2555 1829 2613 lucernam
1862 2552 2020 2612 illam
2065 2571 2243 2628 quam

168 2657 240 2715 25
269 2647 370 2706 diu
398 2646 612 2721 uultis3
651 2638 909 2707 attamen
946 2647 1154 2707 scitote
1186 2647 1325 2724 quia
1349 2668 1471 2708 non
1499 2659 1587 2708 est
1614 2668 1780 2708 mea:
1820 2667 1958 2707 nam
1986 2666 2118 2706 mea
2144 2649 2244 2707 lux
2268 2644 2280 2653 ’

267 2743 584 2820 incipiente
627 2763 834 2803 aurora
876 2743 1020 2803 mihi
1066 2743 1391 2804 aduentura
1442 2746 1564 2804 est.’
1662 2742 1972 2820 coepitque
2016 2762 2242 2803 narrare

264 2839 404 2916 quia
438 2840 765 2916 apparuerit
800 2839 911 2900 sibi
948 2838 1188 2917 quidam
1229 2838 1321 2899 uir
1362 2840 1459 2899 dei
1493 2839 1595 2916 qui
1620 2841 1830 2900 eodem
1858 2859 2015 2899 anno
2057 2840 2240 2900 fuerat

264 2935 591 3012 defunctuS,
622 2934 825 2995 dicens
861 2936 1022 3011 quod
1057 2933 1409 2995 adueniente
1448 2934 1706 2994 diluculo
1742 2953 2059 3010 perennem
2087 2944 2240 2993 esset
