2567 3750
227 73 338 128 134
415 70 465 118 A
511 67 894 118 CAPTJVE’S
937 67 1215 116 CHAJNS
1252 66 1441 115 FALL
1490 65 1631 114 OFF
1662 64 1776 113 AT
1807 63 2014 113 MASS.
2049 43 2209 126 1[1V>

220 209 418 260 tamen
464 198 673 258 uinciri
719 197 951 275 potuit:
1013 217 1152 257 nam
1195 217 1337 257 mox
1384 209 1450 257 ut
1492 197 1685 257 abiere
1734 196 1837 273 qui
1880 196 2202 269 uinxerant,

220 295 428 365 eadem
457 293 582 354 eius
609 305 746 354 sunt
773 294 1011 354 uincula
1039 295 1250 353 soluta.

341 391 623 450 Habebat
649 390 809 450 enim
835 410 1177 466 germanum
1206 392 1439 448 fratrem
1467 388 1564 449 cui
1591 409 1810 450 nomen
1831 401 1953 450 erat
1973 392 2203 459 Tunna‚

220 487 621 564 presbyterum
665 498 726 547 et
772 487 1048 546 abbatem
1091 485 1429 545 monasterii
1476 486 1538 545 in
1593 486 1830 547 ciuitate
1877 506 2029 563 quae
2076 488 2208 547 hac-

222 596 392 643 tenus
420 584 496 645 ab
524 583 650 644 eius
679 583 919 643 nomine
947 582 1380 643 Tunnacaestir
1418 582 1900 658 cognominatur:
1941 584 2041 661 qui
2069 605 2204 644 cum
2271 593 2304 650 5

221 698 357 738 eum
404 678 469 738 in
513 698 714 756 pugna
758 689 1088 756 peremtum
1132 678 1378 750 audiret,
1428 679 1592 738 uenit
1635 699 1911 756 quaerere
1966 680 2015 740 si
2060 682 2205 742 forte

221 795 433 852 corpus
487 776 616 838 eius
667 776 931 837 inuenire
985 787 1200 852 posset,
1259 775 1686 853 inuentumque
1731 777 1913 837 alium
1967 777 2051 838 illi
2102 797 2208 855 per

222 873 421 934 omnia
468 873 847 947 simillimum,
893 873 1122 950 putauit
1176 873 1370 949 ipsum
1419 894 1586 933 esse:
1644 893 1824 950 quem
1859 876 1938 934 ad
1978 894 2206 934 monas-

221 970 431 1031 terium
460 990 630 1031 suum
658 971 941 1041 deferens,
972 968 1293 1029 honorifice
1321 969 1590 1046 sepeliuit
1618 981 1677 1029 et
1703 989 1811 1046 pro
1838 970 2206 1031 absolutione

221 1067 452 1127 animae
500 1067 625 1127 eius
673 1066 904 1144 saepius
948 1066 1155 1125 missas
1209 1051 1399 1126 facere
1446 1066 1686 1126 curauit.
1772 1086 2018 1143 quarum
2061 1068 2209 1127 cele·
2237 1077 2318 1114 10

221 1163 487 1224 bratione
515 1166 737 1224 sactum
765 1175 852 1223 est
880 1164 1045 1239 quod
1073 1162 1210 1234 dixi,
1240 1173 1307 1222 ut
1343 1164 1537 1223 nullus
1579 1183 1715 1222 eum
1741 1175 1940 1239 posset
1966 1163 2203 1238 uincire,

222 1258 363 1333 quin
392 1260 676 1320 continuo
714 1261 1046 1319 solueretur.
1131 1257 1354 1318 interea
1389 1277 1608 1331 comeS,
1638 1257 1740 1335 qui
1777 1278 1914 1318 eum
1950 1259 2204 1333 tenebat,

221 1356 416 1419 mirari
464 1368 524 1417 et
571 1357 922 1434 interrogare
987 1353 1188 1431 coepit
1235 1374 1414 1430 quare
1462 1353 1625 1430 ligari
1687 1373 1810 1413 non
1862 1365 2077 1431 posset,
2128 1375 2205 1415 an

221 1455 370 1514 forte
397 1453 614 1513 litteras
653 1452 977 1527 solutoriaS,
1008 1454 1085 1512 de
1125 1451 1397 1527 qualibus
1432 1452 1663 1511 fabulae
1699 1454 1905 1525 serunt,
1946 1454 2107 1529 apud
2145 1473 2208 1513 se

221 1549 493 1623 haberet‚.
531 1560 770 1626 propter
811 1568 958 1625 quas
1005 1548 1169 1624 ligari
1201 1567 1324 1607 non
1361 1557 1577 1623 posset.
1661 1558 1723 1606 at
1759 1547 1856 1607 ille
1884 1549 2204 1624 respondit,
2238 1563 2303 1622 15
2343 1572 2347 1577 ’

220 1643 304 1703 nil
357 1663 423 1704 se
475 1643 680 1703 talium
723 1644 934 1703 artium
988 1662 1202 1703 nosse:
1266 1648 1280 1674 ‘
1300 1644 1405 1702 sed
1448 1643 1643 1702 habeo
1696 1644 1929 1702 fratrem
1948 1642 1963 1667 ’
2019 1643 2207 1720 inquit

223 1744 238 1771 ‘
260 1739 664 1816 presbyterum
703 1739 766 1798 in
806 1758 941 1798 mea
978 1737 1298 1816 prouincia,
1331 1749 1388 1798 et
1429 1737 1552 1797 scio
1594 1735 1733 1813 quia
1765 1737 1861 1797 ille
1906 1758 2003 1798 me
2038 1739 2208 1798 inter-

220 1837 439 1895 fectum
482 1846 695 1913 putans
741 1854 850 1913 pro
896 1855 994 1896 me
1042 1835 1247 1896 missas
1292 1836 1519 1896 crebras
1565 1833 1706 1895 facit
1747 1845 1822 1908 et,
1858 1834 1906 1895 si
1947 1855 2105 1896 nunc
2145 1835 2208 1895 in

221 1932 334 1990 alia
361 1930 483 1990 uita
519 1950 729 2003 essem,
780 1931 862 1991 ibi
898 1932 1096 1991 anima
1130 1951 1266 1991 mea
1305 1950 1412 2007 per
1443 1928 1891 1990 intercessiones
1934 1930 2058 1991 eius
2100 1932 2209 1990 sol-

221 2037 452 2086 ueretur
494 2046 531 2085 a
572 2025 816 2101 poenis!
898 2029 1159 2103 dumque
1197 2027 1500 2102 aliquanto
1537 2038 1804 2103 tempore
1842 2028 2001 2104 apud
2028 2024 2203 2085 comi·
2234 2045 2305 2082 20

221 2134 343 2183 tem
390 2132 698 2195 teneretur,
752 2122 1289 2182 animaduerterunt
1333 2122 1436 2199 qui
1491 2142 1627 2182 eum
1683 2122 2018 2199 diligentius
2072 2141 2207 2182 con-

221 2220 556 2279 siderabant
583 2239 656 2279 ex
681 2222 850 2278 uultu
894 2230 953 2279 et
988 2220 1192 2279 habitu
1231 2231 1291 2278 et
1328 2219 1699 2289 sermonibus
1737 2219 1879 2290 eiuS‚
1910 2218 2048 2294 quia
2082 2237 2205 2277 non

220 2325 342 2373 erat
383 2315 459 2374 de
499 2334 755 2392 paupere
796 2316 991 2391 uulg0,
1022 2326 1089 2373 ut
1129 2314 1370 2387 dixerat,
1402 2316 1508 2374 sed
1546 2316 1623 2374 de
1665 2314 1974 2374 nobilibus,
2060 2324 2201 2373 tunc

220 2420 445 2469 secreto
492 2409 791 2467 aduocans
840 2428 976 2468 eum
1030 2428 1248 2481 comeS,
1304 2408 1683 2484 interrogauit
1736 2428 1872 2469 eum
1924 2406 2206 2468 intentius

218 2506 379 2564 unde
407 2516 578 2576 esset,
616 2505 963 2582 promittens
1002 2524 1064 2564 se
1106 2505 1250 2564 nihil
1292 2504 1348 2565 ei
1389 2504 1529 2564 mali
1568 2506 1854 2565 facturum
1894 2524 2003 2581 pro
2038 2524 2128 2577 e0‚
2159 2502 2206 2563 si
2236 2522 2302 2581 25

220 2601 558 2676 simpliciter
585 2602 696 2661 sibi
723 2601 854 2678 quis
883 2602 1085 2662 fuisset
1110 2603 1400 2679 proderet.
1487 2604 1650 2678 quod
1680 2605 1823 2662 dum
1851 2602 1948 2661 ille
1975 2603 2203 2676 faceret,

220 2695 551 2754 ministrum
599 2716 661 2756 se
704 2697 853 2773 regis
887 2696 1062 2757 fuisse
1108 2699 1501 2768 manifestans,
1552 2696 1895 2773 respondit:
1957 2701 1972 2731 ‘
1991 2705 2049 2757 et
2096 2715 2208 2773 ego

220 2810 325 2865 per
367 2792 594 2869 singula
642 2804 745 2852 tua
790 2813 1073 2870 responsa
1126 2812 1521 2870 cognoueram
1589 2792 1729 2868 quia
1780 2792 2031 2852 rusticus
2085 2811 2206 2851 non

219 2902 362 2957 eraS‚
394 2896 453 2944 et
490 2904 649 2944 nunc
691 2886 902 2962 dignus
947 2888 1188 2963 quidem
1225 2906 1289 2966 es
1326 2899 1530 2960 morte,
1575 2886 1714 2962 quia
1757 2906 1966 2947 omnes
2007 2888 2209 2947 fratres

220 2992 279 3038 et
316 2981 553 3055 cognati
586 2982 704 3041 mei
739 2982 802 3042 in
839 2982 940 3042 illa
974 2996 1112 3043 sunt
1150 3004 1351 3061 pugna
1389 2983 1720 3058 interemti;
1759 3002 1872 3043 nec
1909 2995 1967 3044 te
2008 2994 2206 3043 tamen
2233 3002 2308 3059 30

218 3075 506 3148 occidam,
538 3096 613 3135 ne
640 3079 818 3138 fidem
847 3078 965 3139 mei
993 3080 1262 3156 promissi
1290 3079 1685 3156 praeuaricer.’

327 3172 423 3228 .Vt
477 3189 617 3247 ergo
670 3174 989 3247 conualuit,
1047 3176 1318 3236 uendidit
1385 3194 1522 3235 eum
1592 3174 1971 3237 Lundoniam
2025 3176 2208 3235 Freso

283 3279 327 3314 ²⁰
357 3283 511 3345 sepius
532 3300 627 3335 ms.
832 3283 877 3318 ⁸⁵
907 3288 988 3335 nil
1005 3291 1133 3351 prim
1156 3305 1272 3338 man
1295 3290 1429 3338 nihil
1446 3304 1540 3339 sec.
1744 3288 1786 3322 ⁸¹
1807 3289 2022 3354 promisi
2048 3302 2141 3337 ma.
