2567 3750
304 213 380 283 48
677 223 867 272 MIRA
878 222 1018 306 σιξ
1070 219 1447 271 WROUGHT
1476 220 1591 270 ΒΥ
1620 220 1905 270 AEDAN.
2158 202 2287 285 [ΙΙΙ

303 349 435 409 liter
461 350 691 421 absenS‚
723 348 1017 424 sopiuerit.
1100 347 1264 407 cuius
1294 347 1562 407 ordinem
1589 346 1854 406 miraculi
1889 364 2015 406 non
2042 345 2291 422 quilibet

306 445 520 506 dubius
546 447 760 504 relator
787 445 891 504 sed
919 444 1291 503 fidelissimus
1319 442 1464 501 mihi
1491 453 1725 501 nostrae
1748 442 2029 502 ecclesiae
2056 443 2293 519 presby-

306 553 395 602 ter
423 540 763 618 Cynimund
804 541 1095 599 uocabulo
1137 538 1409 611 narrauit,
1454 538 1554 614 qui
1596 557 1658 596 se
1700 539 1815 597 hoc
1855 539 1932 597 ab
1974 537 2107 614 ipso
2143 540 2295 597 Vtta

306 640 646 715 presbytero
700 636 762 695 in
815 655 935 712 quo
991 646 1049 696 et
1102 654 1209 713 per
1263 654 1441 715 quem
1496 635 1860 711 completum
1916 644 2003 693 est
2057 633 2295 693 audisse

307 734 669 812 perhibebat.
1947 748 1950 751 ’
2364 723 2394 782 5

1244 942 1396 1000 XVI
1479 996 1486 1005 .

311 1100 648 1224 ALIUD
674 1095 933 1156 eiusdem
955 1094 1134 1172 patris
1155 1093 1536 1154 memorabile
1556 1093 1901 1152 miraculum
1919 1095 2111 1154 ferunt
2126 1095 2301 1155 multi

502 1194 606 1270 qui
642 1212 817 1251 nosse
853 1202 1186 1267 potuerunt.
1271 1210 1412 1248 nam
1453 1201 1717 1266 tempore
1759 1190 2132 1267 episcopatus
2170 1191 2297 1252 eius

310 1290 540 1350 hostilis
563 1290 919 1349 Merciorum
947 1286 1236 1347 exercitus
1267 1273 1472 1346 Penda
1491 1288 1642 1346 duce
1670 1289 1729 1345 N
1733 1289 2297 1364 ordanhymbrorum

311 1387 579 1464 regiones
623 1385 804 1460 impia
845 1385 1012 1443 clade
1054 1385 1230 1459 longe
1271 1386 1506 1460 lateque
1550 1385 1866 1443 deuastans
1907 1385 2177 1461 peruenit
2215 1388 2297 1446 ad
2331 1410 2400 1449 10

312 1484 521 1541 urbem
576 1500 761 1556 usque
815 1479 1049 1554 regiam,
1107 1499 1259 1554 quae
1306 1498 1380 1537 ex
1423 1481 1666 1538 Bebbae
1714 1481 2012 1555 quondam
2061 1481 2299 1557 reginae

313 1579 610 1638 uocabulo
654 1574 1115 1652 cognominatur,
1173 1562 1425 1650 eamque
1471 1575 1609 1650 quia
1651 1594 1843 1650 neque
1885 1576 2061 1635 armis
2102 1596 2299 1654 neque

314 1674 625 1734 obsidione
675 1691 884 1747 capere
932 1681 1178 1747 poterat,
1223 1670 1474 1729 flammis
1527 1672 1835 1729 absumere
1881 1682 2129 1731 conatus
2175 1684 2298 1734 est:

315 1769 693 1844 discissisque
736 1766 944 1826 uiculis
1000 1786 1149 1842 quos
1197 1767 1259 1825 in
1304 1759 1521 1824 uicinia
1573 1765 1733 1825 urbis
1780 1765 2007 1834 inuenit
2061 1770 2300 1828 aduexit

282 1860 420 1924 'illo
466 1864 778 1940 plurimam
828 1861 1163 1939 congeriem
1206 1861 1460 1922 trabium
1515 1861 1810 1938 tignorum
1853 1862 2144 1940 parietum
2193 1864 2301 1924 uir·
2334 1888 2400 1947 15

316 1982 561 2039 georum
609 1972 668 2021 et
715 1961 857 2020 tecti
900 1960 1070 2032 fenei,
1123 1971 1182 2019 et
1229 1961 1321 2019 his
1375 1961 1581 2019 urbem
1628 1960 1690 2018 in
1738 1980 1953 2037 magna
1977 1960 2299 2022 'altitudine

318 2057 701 2117 circumdedit
747 2077 783 2114 a
825 2067 988 2132 parte
1031 2075 1151 2131 qua
1191 2067 1376 2115 terrae
1420 2067 1507 2115 est
1543 2055 1835 2132 contigua„
1877 2067 1936 2115 et
1974 2059 2118 2117 dum
2163 2078 2300 2117 uen-

318 2165 445 2212 tum
473 2165 830 2230 oportunum
859 2163 1136 2224 cerneret,
1162 2152 1345 2212 inlato
1373 2152 1509 2229 igne
1530 2155 1875 2212 comburere
1903 2155 2114 2235 urbem·
2140 2154 2301 2213 nisus

321 2264 424 2312 est.
509 2272 627 2329 quo
666 2263 930 2327 tempore
967 2250 1468 2310 reuerentissimus
1505 2251 1747 2309 antistes
1781 2250 1979 2309 Aidan
2012 2251 2074 2309 in
2110 2251 2304 2311 insula

321 2351 513 2408 Fame
554 2368 708 2425 quae
745 2349 976 2407 duobus
1003 2349 1184 2406 ferme
1220 2345 1456 2407 milibus
1487 2366 1765 2423 passuum
1801 2349 1878 2406 ab
1917 2349 2063 2407 urbe
2099 2351 2303 2425 procul
2332 2370 2405 2407 20

324 2446 494 2503 abest
538 2445 911 2515 morabatur3
967 2442 1069 2502 illo
1113 2443 1273 2502 enim
1329 2442 1560 2518 saepius
1608 2455 1865 2503 secretae
1922 2443 2205 2504 orationis
2248 2456 2305 2506 et

322 2537 538 2599 silentii
590 2557 768 2597 causa
825 2538 1100 2597 secedere
1159 2548 1509 2611 consuerat3
1568 2538 1824 2613 denique
1877 2558 2068 2615 usque
2123 2540 2303 2600 hodie

320 2637 520 2704 locum
561 2632 716 2693 sedis
764 2633 917 2692 illius
960 2634 1261 2692 solitariae
1291 2634 1353 2692 in
1396 2633 1604 2692 eadem
1645 2632 1838 2692 insula
1877 2635 2072 2693 solent
2111 2646 2305 2694 osten-

325 2734 481 2793 dere.
565 2730 667 2807 qui
714 2749 851 2788 cum
892 2729 1084 2788 uentis
1125 2729 1443 2788 ferentibus
1497 2730 1707 2804 globos
1760 2728 1909 2805 ignis
1963 2748 2035 2787 ac
2079 2732 2306 2788 fumum

324 2848 500 2905 supra
540 2846 742 2886 muros
786 2826 944 2884 urbis
989 2825 1228 2884 exaltari
1282 2826 1664 2902 conspiceret,
1706 2827 1886 2885 fertur
1932 2828 2175 2887 eleuatis
2230 2828 2305 2887 ad
2334 2848 2365 2884 2
2374 2844 2408 2902 5

322 2928 552 2985 caelum
606 2922 790 2982 oculis
844 2922 1232 2997 manibusque
1288 2940 1424 2979 cum
1479 2921 1728 2980 lacrimis
1796 2922 2045 2982 dixisse:
2116 2924 2304 2995 ‘uide‚

327 3012 585 3090 domine,
617 3029 838 3094 quanta
869 3020 1025 3076 mala
1051 3017 1189 3077 facit
1218 3018 1459 3077 Penda.'
1539 3037 1658 3094 quo
1685 3018 1847 3078 dicto
1877 3019 2073 3078 statim
2101 3021 2308 3080 mutati

326 3120 403 3177 ab
442 3115 586 3173 urbe
623 3111 785 3169 uenti
821 3111 881 3169 in
920 3131 1022 3170 eos
1064 3111 1166 3187 qui
1202 3113 1595 3171 accenderant
1630 3113 1998 3172 flammarum
2034 3113 2309 3172 incendia

320 3218 702 3278 retorserunt,
757 3206 839 3264 ita
892 3219 956 3267 ut
1009 3208 1235 3284 aliquot
1289 3209 1432 3267 laesi
1486 3229 1693 3268 omnes
1749 3210 1930 3269 territi
1985 3210 2306 3286 inpugnare

328 3308 480 3366 ultra
505 3303 710 3361 urbem
737 3312 1029 3362 cessarent
1057 3322 1231 3378 quam
1263 3303 1542 3364 diuinitus
1570 3304 1754 3363 iuuari
1783 3317 2198 3382 cognouerant.
2335 3325 2416 3379 30

458 3420 502 3454 1⁴
533 3420 697 3468 uicina
720 3435 810 3467 ms.
1139 3418 1188 3471 ,³⁰
1219 3432 1545 3486 cognouerunt
1563 3428 1724 3489 prima
1744 3443 1907 3481 manu.
1950 3437 2061 3478 -ant
2078 3448 2175 3482 sec.
