2567 3750
293 1171 364 1208 10

290 2137 365 2175 20

387 42 578 123 (20)=
600 41 696 125 18]
758 55 1030 108 BEDA’S
1064 57 1308 111 HYMN
1341 56 1453 111 οΝ
1480 34 2049 109 AEDJLTHRYDAL
2117 78 2122 85 ·
2251 62 2354 117 1321

386 201 445 249 et
470 189 608 249 ideo
633 186 915 248 ueraciter
939 186 1174 263 reginae
1199 185 1341 263 quia
1366 204 1618 262 sponsae
1645 183 1862 246 Christi
1889 183 2149 261 elegiaco
2174 197 2362 245 metro

387 284 841 362 composuimus,
897 295 957 344 et
1010 282 1223 343 imitari
1274 302 1502 342 morem
1555 301 1754 343 sacrae
1808 282 2140 358 scripturae,
2196 282 2363 343 cuius

385 380 657 442 historiae
688 380 945 441 carmina
977 379 1228 456 plurima
1265 379 1456 440 indita
1490 389 1549 440 et
1579 380 1728 441 haec
1764 390 1953 441 metro
1992 400 2063 441 ac
2100 379 2363 442 uersibus

385 486 613 538 constat
639 495 767 536 esse
794 475 1115 553 conposita.

467 668 775 794 ALMA
814 668 961 728 deus
999 665 1238 741 trinitas,
1284 687 1438 744 quae
1479 668 1712 727 saecula
1750 677 1966 728 cuncta
2003 668 2311 745 guberna8‚

672 769 869 828 adnue
909 766 1027 826 iam
1067 762 1309 841 coeptiS,
1353 765 1509 823 alma
1549 764 1697 825 deus
1737 763 1976 823 trinitas.

466 862 619 922 bella
660 863 833 921 Maro
873 872 1123 931 resonet,
1167 879 1276 920 nos
1317 857 1480 934 pacis
1523 859 1682 918 dona
1722 878 2017 919 canamus·

545 978 787 1019 munera
826 978 935 1018 nos
978 956 1210 1030 Christi,
1253 956 1410 1016 bella
1451 958 1621 1015 Maro
1662 953 1909 1016 resonet.

468 1055 725 1115 carmina
764 1066 927 1114 casta
965 1053 1128 1127 mihi,
1171 1056 1383 1114 foedae
1425 1073 1547 1113 non
1587 1065 1788 1129 raptus
1831 1057 2118 1117 Helenae.

546 1151 716 1209 luxus
758 1150 865 1211 erit
903 1148 1160 1222 lubriciS,
1204 1147 1465 1207 carmina
1505 1159 1666 1208 casta
1706 1148 1871 1209 mihi.

470 1246 628 1305 dona
667 1264 919 1322 superna
958 1248 1181 1322 loquar,
1224 1244 1471 1305 miserae
1511 1263 1634 1304 non
1675 1245 1898 1322 proelia
1937 1245 2152 1309 Troiae

547 1354 696 1403 terra
736 1342 949 1419 quibus
987 1343 1221 1418 gaudet.
1306 1343 1466 1401 dona
1507 1360 1760 1417 superna
1798 1343 2018 1419 loquar.

469 1458 543 1498 en
585 1439 731 1498 deus
770 1440 923 1499 altus
962 1438 1084 1498 adit
1125 1438 1500 1498 uenerandae
1540 1438 1779 1514 uirginis
1818 1441 2035 1499 aluum.

547 1532 752 1593 liberet
791 1544 858 1593 ut
897 1534 1182 1607 homineS,
1227 1552 1303 1593 en
1345 1535 1493 1594 deus
1532 1535 1685 1593 altus
1725 1533 1864 1595 adit.

470 1629 688 1690 femina
727 1630 891 1707 uirgo
931 1629 1082 1708 parit
1122 1628 1332 1690 mundi
1373 1631 1591 1691 deuota
1628 1641 1970 1707 parentem:

547 1737 719 1803 porta
761 1726 954 1786 Maria
992 1726 1104 1800 dei,
1148 1726 1372 1787 femina
1412 1725 1577 1804 uirgo
1618 1727 1782 1805 parit.

469 1824 687 1899 gaudet
727 1823 920 1883 amica
959 1825 1170 1885 cohors
1211 1825 1288 1885 de
1329 1822 1552 1902 uirgine
1594 1835 1778 1886 matre
1820 1826 2117 1889 tonantis:

547 1919 879 1996 uirginitate
920 1919 1161 1990 micans¹
1182 1922 1402 1997 gaudet
1441 1919 1633 1981 amica
1673 1924 1900 1983 cohors·

469 2014 642 2075 huius
684 2017 875 2077 honor
911 2016 1115 2093 genuit
1156 2030 1321 2077 casto
1362 2019 1439 2077 de
1478 2017 1740 2094 germine
1779 2020 2012 2096 plures:

548 2110 841 2188 uirgineos
882 2111 1053 2173 flores
1093 2111 1264 2173 huius
1306 2114 1496 2173 honor
1535 2113 1754 2191 genuit.

471 2208 700 2287 ignibus
741 2220 873 2268 usta
911 2208 1045 2268 feris
1084 2208 1248 2285 uirgo
1286 2229 1413 2270 non
1452 2221 1642 2268 cessat
1682 2210 1932 2286 Agathe,

551 2305 778 2363 Eulalia
818 2316 877 2364 et
916 2305 1130 2381 perfert
1168 2304 1401 2381 ignibus
1440 2314 1573 2364 usta
1612 2303 1762 2363 feris·

471 2412 631 2461 casta
670 2402 820 2462 feras
860 2414 1094 2479 superat
1134 2401 1347 2461 mentis
1386 2420 1496 2478 pro
1536 2400 1795 2462 culmine
1835 2403 2035 2476 Tecla,

551 2498 820 2559 Eufemia
859 2517 1024 2558 sacra
1064 2509 1225 2557 casta
1262 2498 1412 2557 feras
1453 2508 1702 2575 superat.

470 2598 623 2657 laeta
659 2596 811 2657 ridet
847 2594 1075 2671 gladios
1115 2596 1264 2655 ferro
1307 2594 1598 2655 robustior
1637 2598 1856 2671 AgneS,

551 2691 810 2755 Caecilia
848 2694 1090 2752 infestos
1129 2693 1283 2751 laeta
1321 2690 1474 2751 ridet
1512 2692 1756 2768 gladios,
