<?xml version="1.0" encoding="UTF-8"?>
<!DOCTYPE html PUBLIC "-//W3C//DTD XHTML 1.0 Transitional//EN"
    "http://www.w3.org/TR/xhtml1/DTD/xhtml1-transitional.dtd">
<html xmlns="http://www.w3.org/1999/xhtml" xml:lang="en" lang="en">
 <head>
  <title>
</title>
<meta http-equiv="Content-Type" content="text/html;charset=utf-8" />
  <meta name='ocr-system' content='tesseract 3.04.00' />
  <meta name='ocr-capabilities' content='ocr_page ocr_carea ocr_par ocr_line ocrx_word'/>
</head>
<body>
  <div class='ocr_page' id='page_1' title='image "./historiaeeccles01lumbgoog_0122.png"; bbox 0 0 2567 3750; ppageno 0'>
   <div class='ocr_carea' id='block_1_1' title="bbox 238 8 2196 90">
    <p class='ocr_par' dir='ltr' id='par_1_1' title="bbox 238 8 2196 90">
     <span class='ocr_line' id='line_1_1' title="bbox 238 8 2196 90; baseline 0.003 -20"><span class='ocrx_word' id='word_1_1' title='bbox 238 34 348 71; x_wconf 91' lang='lat'><strong>100</strong></span> <span class='ocrx_word' id='word_1_2' title='bbox 518 16 1048 79; x_wconf 80' lang='lat' dir='ltr'><em>MONASTERIES</em></span> <span class='ocrx_word' id='word_1_3' title='bbox 1083 28 1323 79; x_wconf 78' lang='lat' dir='ltr'><em>BUJLT</em></span> <span class='ocrx_word' id='word_1_4' title='bbox 1352 27 1465 77; x_wconf 73' lang='lat' dir='ltr'><strong>By</strong></span> <span class='ocrx_word' id='word_1_5' title='bbox 1501 27 1909 77; x_wconf 82' lang='lat' dir='ltr'><em>COLMANUS.</em></span> <span class='ocrx_word' id='word_1_6' title='bbox 2080 8 2196 90; x_wconf 93' lang='lat' dir='ltr'><strong>[IV</strong></span> 
     </span>
    </p>
   </div>
   <div class='ocr_carea' id='block_1_2' title="bbox 229 155 2304 2723">
    <p class='ocr_par' dir='ltr' id='par_1_2' title="bbox 229 155 2304 2723">
     <span class='ocr_line' id='line_1_2' title="bbox 229 155 2195 234; baseline 0 -20"><span class='ocrx_word' id='word_1_7' title='bbox 229 157 498 216; x_wconf 83' lang='lat' dir='ltr'><strong>fratribus</strong></span> <span class='ocrx_word' id='word_1_8' title='bbox 531 157 752 233; x_wconf 86' lang='lat' dir='ltr'><strong>aliquot</strong></span> <span class='ocrx_word' id='word_1_9' title='bbox 787 156 976 234; x_wconf 91' lang='lat' dir='ltr'><strong>primo</strong></span> <span class='ocrx_word' id='word_1_10' title='bbox 1009 155 1170 216; x_wconf 90' lang='lat' dir='ltr'><strong>uenit</strong></span> <span class='ocrx_word' id='word_1_11' title='bbox 1205 158 1283 216; x_wconf 89' lang='lat' dir='ltr'><strong>ad</strong></span> <span class='ocrx_word' id='word_1_12' title='bbox 1315 156 1563 215; x_wconf 83' lang='lat' dir='ltr'><strong>insulam</strong></span> <span class='ocrx_word' id='word_1_13' title='bbox 1601 155 1723 228; x_wconf 92' lang='lat' dir='ltr'>Hii‚</span> <span class='ocrx_word' id='word_1_14' title='bbox 1762 156 1921 215; x_wconf 91' lang='lat' dir='ltr'><strong>unde</strong></span> <span class='ocrx_word' id='word_1_15' title='bbox 1957 166 2078 216; x_wconf 87' lang='lat' dir='ltr'><strong>erat</strong></span> <span class='ocrx_word' id='word_1_16' title='bbox 2115 155 2195 214; x_wconf 91' lang='lat' dir='ltr'><strong>ad</strong></span> 
     </span>
     <span class='ocr_line' id='line_1_3' title="bbox 229 249 2196 327; baseline 0.001 -18"><span class='ocrx_word' id='word_1_17' title='bbox 229 251 688 327; x_wconf 85' lang='lat' dir='ltr'><strong>praedicandum</strong></span> <span class='ocrx_word' id='word_1_18' title='bbox 729 254 975 312; x_wconf 89' lang='lat' dir='ltr'><strong>uerbum</strong></span> <span class='ocrx_word' id='word_1_19' title='bbox 1016 253 1341 327; x_wconf 90' lang='lat' dir='ltr'><strong>Anglorum</strong></span> <span class='ocrx_word' id='word_1_20' title='bbox 1380 251 1538 327; x_wconf 89' lang='lat' dir='ltr'><strong>genti</strong></span> <span class='ocrx_word' id='word_1_21' title='bbox 1579 250 1938 322; x_wconf 82' lang='lat' dir='ltr'><strong>destinatus3</strong></span> <span class='ocrx_word' id='word_1_22' title='bbox 1980 249 2196 310; x_wconf 91' lang='lat' dir='ltr'><strong>deinde</strong></span> 
     </span>
     <span class='ocr_line' id='line_1_4' title="bbox 231 347 2193 424; baseline -0.003 -15"><span class='ocrx_word' id='word_1_23' title='bbox 231 350 472 410; x_wconf 90' lang='lat' dir='ltr'><strong>secessit</strong></span> <span class='ocrx_word' id='word_1_24' title='bbox 496 352 573 410; x_wconf 88' lang='lat' dir='ltr'><strong>ad</strong></span> <span class='ocrx_word' id='word_1_25' title='bbox 599 349 848 409; x_wconf 90' lang='lat' dir='ltr'><strong>insulam</strong></span> <span class='ocrx_word' id='word_1_26' title='bbox 875 350 1174 424; x_wconf 89' lang='lat' dir='ltr'><strong>quandam</strong></span> <span class='ocrx_word' id='word_1_27' title='bbox 1200 368 1458 424; x_wconf 89' lang='lat' dir='ltr'><strong>paruam,</strong></span> <span class='ocrx_word' id='word_1_28' title='bbox 1487 367 1638 423; x_wconf 84' lang='lat' dir='ltr'><strong>quae</strong></span> <span class='ocrx_word' id='word_1_29' title='bbox 1663 349 1743 407; x_wconf 89' lang='lat' dir='ltr'><strong>ad</strong></span> <span class='ocrx_word' id='word_1_30' title='bbox 1770 347 2193 411; x_wconf 84' lang='lat' dir='ltr'><strong>occidentalem</strong></span> 
     </span>
     <span class='ocr_line' id='line_1_5' title="bbox 229 443 2195 520; baseline 0.001 -19"><span class='ocrx_word' id='word_1_31' title='bbox 229 445 464 520; x_wconf 81' lang='lat' dir='ltr'>plagam</span> <span class='ocrx_word' id='word_1_32' title='bbox 500 446 577 503; x_wconf 93' lang='lat' dir='ltr'><strong>ab</strong></span> <span class='ocrx_word' id='word_1_33' title='bbox 616 444 907 504; x_wconf 86' lang='lat' dir='ltr'>Hibernia</span> <span class='ocrx_word' id='word_1_34' title='bbox 940 445 1145 520; x_wconf 90' lang='lat' dir='ltr'><strong>procul</strong></span> <span class='ocrx_word' id='word_1_35' title='bbox 1184 455 1408 504; x_wconf 85' lang='lat' dir='ltr'><strong>secreta</strong></span> <span class='ocrx_word' id='word_1_36' title='bbox 1442 463 1710 507; x_wconf 83' lang='lat' dir='ltr'>sermone</span> <span class='ocrx_word' id='word_1_37' title='bbox 1747 445 2003 504; x_wconf 91' lang='lat' dir='ltr'><strong>Scottico</strong></span> <span class='ocrx_word' id='word_1_38' title='bbox 2048 443 2195 503; x_wconf 90' lang='lat' dir='ltr'><strong>Inis·</strong></span> 
     </span>
     <span class='ocr_line' id='line_1_6' title="bbox 229 540 2290 618; baseline 0.002 -19"><span class='ocrx_word' id='word_1_39' title='bbox 229 542 524 613; x_wconf 89' lang='lat' dir='ltr'><strong>boufinde‚</strong></span> <span class='ocrx_word' id='word_1_40' title='bbox 553 541 616 600; x_wconf 93' lang='lat' dir='ltr'><strong>id</strong></span> <span class='ocrx_word' id='word_1_41' title='bbox 643 552 733 601; x_wconf 92' lang='lat' dir='ltr'><strong>est</strong></span> <span class='ocrx_word' id='word_1_42' title='bbox 767 541 989 600; x_wconf 91' lang='lat' dir='ltr'><strong>‘insula</strong></span> <span class='ocrx_word' id='word_1_43' title='bbox 1013 540 1230 600; x_wconf 89' lang='lat' dir='ltr'><strong>uitulae</strong></span> <span class='ocrx_word' id='word_1_44' title='bbox 1256 542 1461 613; x_wconf 84' lang='lat' dir='ltr'><strong>albae,&#39;</strong></span> <span class='ocrx_word' id='word_1_45' title='bbox 1488 554 1871 618; x_wconf 84' lang='lat' dir='ltr'><strong>nuncupatur.</strong></span> <span class='ocrx_word' id='word_1_46' title='bbox 1954 543 2016 602; x_wconf 91' lang='lat' dir='ltr'><strong>in</strong></span> <span class='ocrx_word' id='word_1_47' title='bbox 2041 545 2195 603; x_wconf 90' lang='lat' dir='ltr'><strong>hane</strong></span> <span class='ocrx_word' id='word_1_48' title='bbox 2258 561 2290 618; x_wconf 86' lang='lat'>5</span> 
     </span>
     <span class='ocr_line' id='line_1_7' title="bbox 232 635 2195 711; baseline 0.002 -17"><span class='ocrx_word' id='word_1_49' title='bbox 232 654 370 711; x_wconf 89' lang='lat' dir='ltr'><strong>ergo</strong></span> <span class='ocrx_word' id='word_1_50' title='bbox 405 635 751 711; x_wconf 89' lang='lat' dir='ltr'><strong>perueniens</strong></span> <span class='ocrx_word' id='word_1_51' title='bbox 788 635 1111 703; x_wconf 60' lang='lat' dir='ltr'><strong>,construxit</strong></span> <span class='ocrx_word' id='word_1_52' title='bbox 1143 636 1558 697; x_wconf 88' lang='lat' dir='ltr'><strong>monasterium</strong></span> <span class='ocrx_word' id='word_1_53' title='bbox 1595 649 1653 698; x_wconf 91' lang='lat' dir='ltr'><strong>et</strong></span> <span class='ocrx_word' id='word_1_54' title='bbox 1693 640 2015 699; x_wconf 89' lang='lat' dir='ltr'><strong>monachos</strong></span> <span class='ocrx_word' id='word_1_55' title='bbox 2051 639 2195 700; x_wconf 90' lang='lat' dir='ltr'><strong>inibi</strong></span> 
     </span>
     <span class='ocr_line' id='line_1_8' title="bbox 230 733 2191 808; baseline 0.002 -18"><span class='ocrx_word' id='word_1_56' title='bbox 230 750 381 806; x_wconf 91' lang='lat' dir='ltr'><strong>quos</strong></span> <span class='ocrx_word' id='word_1_57' title='bbox 434 733 511 792; x_wconf 93' lang='lat' dir='ltr'><strong>de</strong></span> <span class='ocrx_word' id='word_1_58' title='bbox 562 743 806 808; x_wconf 90' lang='lat' dir='ltr'><strong>utraque</strong></span> <span class='ocrx_word' id='word_1_59' title='bbox 857 733 1097 792; x_wconf 88' lang='lat' dir='ltr'><strong>natione</strong></span> <span class='ocrx_word' id='word_1_60' title='bbox 1156 735 1437 794; x_wconf 90' lang='lat' dir='ltr'><strong>collectos</strong></span> <span class='ocrx_word' id='word_1_61' title='bbox 1488 735 1811 795; x_wconf 80' lang='lat' dir='ltr'>adduxerat</span> <span class='ocrx_word' id='word_1_62' title='bbox 1862 736 2191 796; x_wconf 88' lang='lat' dir='ltr'><strong>collocauit.</strong></span> 
     </span>
     <span class='ocr_line' id='line_1_9' title="bbox 231 825 2196 907; baseline 0.005 -23"><span class='ocrx_word' id='word_1_63' title='bbox 231 825 332 901; x_wconf 95' lang='lat' dir='ltr'><strong>qui</strong></span> <span class='ocrx_word' id='word_1_64' title='bbox 374 845 512 886; x_wconf 91' lang='lat' dir='ltr'><strong>cum</strong></span> <span class='ocrx_word' id='word_1_65' title='bbox 553 827 809 888; x_wconf 88' lang='lat' dir='ltr'><strong>inuicem</strong></span> <span class='ocrx_word' id='word_1_66' title='bbox 850 829 1209 889; x_wconf 91' lang='lat' dir='ltr'><strong>concordare</strong></span> <span class='ocrx_word' id='word_1_67' title='bbox 1244 848 1367 889; x_wconf 94' lang='lat' dir='ltr'><strong>non</strong></span> <span class='ocrx_word' id='word_1_68' title='bbox 1402 841 1658 907; x_wconf 84' lang='lat' dir='ltr'><strong>possent,</strong></span> <span class='ocrx_word' id='word_1_69' title='bbox 1701 850 1774 890; x_wconf 93' lang='lat' dir='ltr'><strong>eo</strong></span> <span class='ocrx_word' id='word_1_70' title='bbox 1812 834 1974 907; x_wconf 89' lang='lat' dir='ltr'><strong>quod</strong></span> <span class='ocrx_word' id='word_1_71' title='bbox 2011 831 2196 893; x_wconf 89' lang='lat' dir='ltr'><strong>Scotti</strong></span> 
     </span>
     <span class='ocr_line' id='line_1_10' title="bbox 230 912 2197 1002; baseline 0.003 -20"><span class='ocrx_word' id='word_1_72' title='bbox 230 934 495 1001; x_wconf 89' lang='lat' dir='ltr'><strong>tempore</strong></span> <span class='ocrx_word' id='word_1_73' title='bbox 519 924 756 984; x_wconf 88' lang='lat' dir='ltr'><strong>aestatis</strong></span> <span class='ocrx_word' id='word_1_74' title='bbox 783 944 902 1000; x_wconf 91' lang='lat' dir='ltr'><strong>quo</strong></span> <span class='ocrx_word' id='word_1_75' title='bbox 934 926 1123 1001; x_wconf 87' lang='lat' dir='ltr'><strong>fruges</strong></span> <span class='ocrx_word' id='word_1_76' title='bbox 1159 936 1322 985; x_wconf 87' lang='lat' dir='ltr'><strong>erant</strong></span> <span class='ocrx_word' id='word_1_77' title='bbox 1358 912 1719 1002; x_wconf 84' lang='lat' dir='ltr'><strong>colligendae</strong></span> <span class='ocrx_word' id='word_1_78' title='bbox 1743 927 1944 986; x_wconf 85' lang='lat' dir='ltr'><strong>relicto</strong></span> <span class='ocrx_word' id='word_1_79' title='bbox 1972 946 2197 986; x_wconf 86' lang='lat' dir='ltr'><strong>monas·</strong></span> 
     </span>
     <span class='ocr_line' id='line_1_11' title="bbox 230 1017 2297 1095; baseline 0 -20"><span class='ocrx_word' id='word_1_80' title='bbox 230 1017 378 1077; x_wconf 87' lang='lat' dir='ltr'><strong>terio</strong></span> <span class='ocrx_word' id='word_1_81' title='bbox 423 1036 529 1094; x_wconf 90' lang='lat' dir='ltr'><strong>per</strong></span> <span class='ocrx_word' id='word_1_82' title='bbox 564 1029 708 1077; x_wconf 86' lang='lat' dir='ltr'><strong>nota</strong></span> <span class='ocrx_word' id='word_1_83' title='bbox 743 1017 856 1077; x_wconf 85' lang='lat' dir='ltr'>sibi</span> <span class='ocrx_word' id='word_1_84' title='bbox 896 1021 1029 1078; x_wconf 90' lang='lat' dir='ltr'><strong>loca</strong></span> <span class='ocrx_word' id='word_1_85' title='bbox 1064 1018 1310 1095; x_wconf 90' lang='lat' dir='ltr'><strong>dispersi</strong></span> <span class='ocrx_word' id='word_1_86' title='bbox 1341 1030 1698 1094; x_wconf 87' lang='lat' dir='ltr'><strong>uagarentur,</strong></span> <span class='ocrx_word' id='word_1_87' title='bbox 1738 1031 1799 1080; x_wconf 93' lang='lat' dir='ltr'><strong>at</strong></span> <span class='ocrx_word' id='word_1_88' title='bbox 1826 1040 1968 1080; x_wconf 90' lang='lat' dir='ltr'><strong>uero</strong></span> <span class='ocrx_word' id='word_1_89' title='bbox 2002 1020 2197 1080; x_wconf 89' lang='lat' dir='ltr'><strong>hieme</strong></span> <span class='ocrx_word' id='word_1_90' title='bbox 2224 1038 2297 1076; x_wconf 92' lang='lat'><strong>10</strong></span> 
     </span>
     <span class='ocr_line' id='line_1_12' title="bbox 231 1113 2198 1191; baseline 0.003 -23"><span class='ocrx_word' id='word_1_91' title='bbox 231 1113 584 1172; x_wconf 88' lang='lat' dir='ltr'><strong>succedente</strong></span> <span class='ocrx_word' id='word_1_92' title='bbox 618 1114 871 1173; x_wconf 86' lang='lat' dir='ltr'><strong>redirent</strong></span> <span class='ocrx_word' id='word_1_93' title='bbox 907 1125 966 1173; x_wconf 94' lang='lat' dir='ltr'><strong>et</strong></span> <span class='ocrx_word' id='word_1_94' title='bbox 1001 1113 1090 1174; x_wconf 86' lang='lat' dir='ltr'><strong>his</strong></span> <span class='ocrx_word' id='word_1_95' title='bbox 1129 1133 1280 1190; x_wconf 84' lang='lat' dir='ltr'><strong>quae</strong></span> <span class='ocrx_word' id='word_1_96' title='bbox 1316 1113 1492 1189; x_wconf 91' lang='lat' dir='ltr'>Angli</span> <span class='ocrx_word' id='word_1_97' title='bbox 1526 1126 2008 1191; x_wconf 87' lang='lat' dir='ltr'><strong>praeparauerant</strong></span> <span class='ocrx_word' id='word_1_98' title='bbox 2042 1134 2198 1175; x_wconf 91' lang='lat' dir='ltr'><strong>com-</strong></span> 
     </span>
     <span class='ocr_line' id='line_1_13' title="bbox 231 1209 2200 1286; baseline 0.002 -18"><span class='ocrx_word' id='word_1_99' title='bbox 231 1209 484 1271; x_wconf 87' lang='lat' dir='ltr'><strong>muniter</strong></span> <span class='ocrx_word' id='word_1_100' title='bbox 523 1210 611 1269; x_wconf 90' lang='lat' dir='ltr'><strong>uti</strong></span> <span class='ocrx_word' id='word_1_101' title='bbox 648 1210 1080 1285; x_wconf 81' lang='lat' dir='ltr'><strong>desiderarent3</strong></span> <span class='ocrx_word' id='word_1_102' title='bbox 1127 1209 1414 1286; x_wconf 90' lang='lat' dir='ltr'><strong>quaesiuit</strong></span> <span class='ocrx_word' id='word_1_103' title='bbox 1451 1213 1771 1272; x_wconf 90' lang='lat' dir='ltr'><strong>Colmanus</strong></span> <span class='ocrx_word' id='word_1_104' title='bbox 1807 1212 1946 1271; x_wconf 91' lang='lat' dir='ltr'><strong>huic</strong></span> <span class='ocrx_word' id='word_1_105' title='bbox 1982 1211 2200 1273; x_wconf 90' lang='lat' dir='ltr'><strong>dissen-</strong></span> 
     </span>
     <span class='ocr_line' id='line_1_14' title="bbox 232 1305 2201 1385; baseline 0.003 -22"><span class='ocrx_word' id='word_1_106' title='bbox 232 1305 384 1365; x_wconf 88' lang='lat' dir='ltr'>sioni</span> <span class='ocrx_word' id='word_1_107' title='bbox 408 1306 747 1379; x_wconf 89' lang='lat' dir='ltr'><strong>remedium‚</strong></span> <span class='ocrx_word' id='word_1_108' title='bbox 778 1316 836 1366; x_wconf 92' lang='lat' dir='ltr'><strong>et</strong></span> <span class='ocrx_word' id='word_1_109' title='bbox 862 1306 1147 1366; x_wconf 88' lang='lat' dir='ltr'>circuiens</span> <span class='ocrx_word' id='word_1_110' title='bbox 1183 1306 1384 1367; x_wconf 92' lang='lat' dir='ltr'><strong>omnia</strong></span> <span class='ocrx_word' id='word_1_111' title='bbox 1416 1327 1599 1384; x_wconf 91' lang='lat' dir='ltr'><strong>prope</strong></span> <span class='ocrx_word' id='word_1_112' title='bbox 1634 1309 1731 1367; x_wconf 92' lang='lat' dir='ltr'><strong>uel</strong></span> <span class='ocrx_word' id='word_1_113' title='bbox 1764 1310 1939 1385; x_wconf 86' lang='lat' dir='ltr'><strong>longe</strong></span> <span class='ocrx_word' id='word_1_114' title='bbox 1974 1307 2201 1369; x_wconf 89' lang='lat' dir='ltr'><strong>inuenit</strong></span> 
     </span>
     <span class='ocr_line' id='line_1_15' title="bbox 232 1403 2195 1481; baseline 0.003 -20"><span class='ocrx_word' id='word_1_115' title='bbox 232 1406 430 1463; x_wconf 89' lang='lat' dir='ltr'><strong>locum</strong></span> <span class='ocrx_word' id='word_1_116' title='bbox 473 1404 536 1462; x_wconf 93' lang='lat' dir='ltr'><strong>in</strong></span> <span class='ocrx_word' id='word_1_117' title='bbox 580 1403 871 1466; x_wconf 88' lang='lat' dir='ltr'><strong>Hibernia</strong></span> <span class='ocrx_word' id='word_1_118' title='bbox 911 1403 1102 1463; x_wconf 90' lang='lat' dir='ltr'><strong>insula</strong></span> <span class='ocrx_word' id='word_1_119' title='bbox 1141 1414 1347 1481; x_wconf 89' lang='lat' dir='ltr'><strong>aptum</strong></span> <span class='ocrx_word' id='word_1_120' title='bbox 1388 1405 1740 1465; x_wconf 85' lang='lat' dir='ltr'><strong>monasterio</strong></span> <span class='ocrx_word' id='word_1_121' title='bbox 1781 1407 2195 1477; x_wconf 87' lang='lat' dir='ltr'><strong>construendo,</strong></span> 
     </span>
     <span class='ocr_line' id='line_1_16' title="bbox 235 1498 2295 1578; baseline 0.002 -20"><span class='ocrx_word' id='word_1_122' title='bbox 235 1500 336 1575; x_wconf 93' lang='lat' dir='ltr'><strong>qui</strong></span> <span class='ocrx_word' id='word_1_123' title='bbox 377 1499 576 1576; x_wconf 86' lang='lat' dir='ltr'><strong>lingua</strong></span> <span class='ocrx_word' id='word_1_124' title='bbox 616 1501 947 1559; x_wconf 89' lang='lat' dir='ltr'><strong>Scottorum</strong></span> <span class='ocrx_word' id='word_1_125' title='bbox 992 1502 1209 1575; x_wconf 89' lang='lat' dir='ltr'><strong>Mageo</strong></span> <span class='ocrx_word' id='word_1_126' title='bbox 1251 1498 1620 1572; x_wconf 85' lang='lat' dir='ltr'><strong>nominatur3</strong></span> <span class='ocrx_word' id='word_1_127' title='bbox 1676 1501 1932 1577; x_wconf 88' lang='lat' dir='ltr'><strong>emitque</strong></span> <span class='ocrx_word' id='word_1_128' title='bbox 1972 1514 2197 1578; x_wconf 84' lang='lat' dir='ltr'><strong>partem</strong></span> <span class='ocrx_word' id='word_1_129' title='bbox 2226 1512 2295 1569; x_wconf 88' lang='lat'><strong>15</strong></span> 
     </span>
     <span class='ocr_line' id='line_1_17' title="bbox 235 1594 2200 1670; baseline 0.001 -16"><span class='ocrx_word' id='word_1_130' title='bbox 235 1594 357 1655; x_wconf 89' lang='lat' dir='ltr'><strong>eius</strong></span> <span class='ocrx_word' id='word_1_131' title='bbox 411 1613 534 1653; x_wconf 91' lang='lat' dir='ltr'><strong>non</strong></span> <span class='ocrx_word' id='word_1_132' title='bbox 585 1595 866 1670; x_wconf 83' lang='lat' dir='ltr'><strong>grandem</strong></span> <span class='ocrx_word' id='word_1_133' title='bbox 917 1596 996 1654; x_wconf 88' lang='lat' dir='ltr'><strong>ad</strong></span> <span class='ocrx_word' id='word_1_134' title='bbox 1049 1595 1507 1654; x_wconf 87' lang='lat' dir='ltr'><strong>construendum</strong></span> <span class='ocrx_word' id='word_1_135' title='bbox 1558 1594 1643 1654; x_wconf 91' lang='lat' dir='ltr'><strong>ibi</strong></span> <span class='ocrx_word' id='word_1_136' title='bbox 1694 1596 2110 1664; x_wconf 82' lang='lat' dir='ltr'><strong>monasterium</strong></span> <span class='ocrx_word' id='word_1_137' title='bbox 2162 1617 2200 1656; x_wconf 87' lang='lat' dir='ltr'><strong>a</strong></span> 
     </span>
     <span class='ocr_line' id='line_1_18' title="bbox 235 1688 2199 1775; baseline 0.003 -29"><span class='ocrx_word' id='word_1_138' title='bbox 235 1688 448 1747; x_wconf 89' lang='lat' dir='ltr'><strong>comite</strong></span> <span class='ocrx_word' id='word_1_139' title='bbox 489 1689 567 1747; x_wconf 89' lang='lat' dir='ltr'><strong>ad</strong></span> <span class='ocrx_word' id='word_1_140' title='bbox 612 1689 776 1747; x_wconf 90' lang='lat' dir='ltr'><strong>cuius</strong></span> <span class='ocrx_word' id='word_1_141' title='bbox 822 1689 1251 1765; x_wconf 90' lang='lat' dir='ltr'><strong>possessionem</strong></span> <span class='ocrx_word' id='word_1_142' title='bbox 1303 1688 1667 1766; x_wconf 84' lang='lat' dir='ltr'><strong>pertinebat;</strong></span> <span class='ocrx_word' id='word_1_143' title='bbox 1732 1710 1804 1775; x_wconf 83' lang='lat' dir='ltr'><strong>ea</strong></span> <span class='ocrx_word' id='word_1_144' title='bbox 1850 1690 2199 1753; x_wconf 87' lang='lat' dir='ltr'><strong>condicione</strong></span> 
     </span>
     <span class='ocr_line' id='line_1_19' title="bbox 234 1782 2201 1859; baseline 0.003 -18"><span class='ocrx_word' id='word_1_145' title='bbox 234 1782 453 1855; x_wconf 88' lang='lat' dir='ltr'><strong>addita,</strong></span> <span class='ocrx_word' id='word_1_146' title='bbox 482 1793 549 1842; x_wconf 91' lang='lat' dir='ltr'><strong>ut</strong></span> <span class='ocrx_word' id='word_1_147' title='bbox 574 1801 682 1858; x_wconf 88' lang='lat' dir='ltr'><strong>pro</strong></span> <span class='ocrx_word' id='word_1_148' title='bbox 707 1782 838 1859; x_wconf 90' lang='lat' dir='ltr'><strong>ipso</strong></span> <span class='ocrx_word' id='word_1_149' title='bbox 866 1782 1040 1843; x_wconf 89' lang='lat' dir='ltr'><strong>etiam</strong></span> <span class='ocrx_word' id='word_1_150' title='bbox 1069 1782 1169 1858; x_wconf 90' lang='lat' dir='ltr'><strong>qui</strong></span> <span class='ocrx_word' id='word_1_151' title='bbox 1206 1783 1290 1843; x_wconf 91' lang='lat' dir='ltr'><strong>eis</strong></span> <span class='ocrx_word' id='word_1_152' title='bbox 1320 1786 1514 1843; x_wconf 89' lang='lat' dir='ltr'><strong>locum</strong></span> <span class='ocrx_word' id='word_1_153' title='bbox 1551 1786 1951 1845; x_wconf 84' lang='lat' dir='ltr'><strong>commodaret</strong></span> <span class='ocrx_word' id='word_1_154' title='bbox 1987 1786 2201 1847; x_wconf 87' lang='lat' dir='ltr'><strong>consis-</strong></span> 
     </span>
     <span class='ocr_line' id='line_1_20' title="bbox 234 1878 2199 1955; baseline 0.003 -18"><span class='ocrx_word' id='word_1_155' title='bbox 234 1889 425 1937; x_wconf 90' lang='lat' dir='ltr'><strong>tentes</strong></span> <span class='ocrx_word' id='word_1_156' title='bbox 460 1878 544 1938; x_wconf 93' lang='lat' dir='ltr'><strong>ibi</strong></span> <span class='ocrx_word' id='word_1_157' title='bbox 579 1878 852 1938; x_wconf 91' lang='lat' dir='ltr'><strong>monachi</strong></span> <span class='ocrx_word' id='word_1_158' title='bbox 889 1878 1130 1938; x_wconf 92' lang='lat' dir='ltr'><strong>domino</strong></span> <span class='ocrx_word' id='word_1_159' title='bbox 1163 1898 1367 1955; x_wconf 89' lang='lat' dir='ltr'><strong>preces</strong></span> <span class='ocrx_word' id='word_1_160' title='bbox 1403 1881 1688 1940; x_wconf 88' lang='lat' dir='ltr'><strong>offerrent.</strong></span> <span class='ocrx_word' id='word_1_161' title='bbox 1773 1891 1833 1940; x_wconf 91' lang='lat' dir='ltr'><strong>et</strong></span> <span class='ocrx_word' id='word_1_162' title='bbox 1867 1892 2199 1942; x_wconf 88' lang='lat' dir='ltr'><strong>constructo</strong></span> 
     </span>
     <span class='ocr_line' id='line_1_21' title="bbox 235 1972 2304 2037; baseline 0.002 -5"><span class='ocrx_word' id='word_1_163' title='bbox 235 1973 431 2032; x_wconf 91' lang='lat' dir='ltr'><strong>statim</strong></span> <span class='ocrx_word' id='word_1_164' title='bbox 466 1972 820 2033; x_wconf 84' lang='lat' dir='ltr'><strong>monasterio</strong></span> <span class='ocrx_word' id='word_1_165' title='bbox 854 1973 1093 2033; x_wconf 92' lang='lat' dir='ltr'><strong>iuuante</strong></span> <span class='ocrx_word' id='word_1_166' title='bbox 1130 1974 1308 2033; x_wconf 89' lang='lat' dir='ltr'><strong>etiam</strong></span> <span class='ocrx_word' id='word_1_167' title='bbox 1345 1973 1560 2034; x_wconf 89' lang='lat' dir='ltr'><strong>comite</strong></span> <span class='ocrx_word' id='word_1_168' title='bbox 1591 1993 1662 2033; x_wconf 92' lang='lat' dir='ltr'><strong>ac</strong></span> <span class='ocrx_word' id='word_1_169' title='bbox 1688 1975 1895 2035; x_wconf 89' lang='lat' dir='ltr'><strong>uicinis</strong></span> <span class='ocrx_word' id='word_1_170' title='bbox 1930 1976 2199 2037; x_wconf 85' lang='lat' dir='ltr'><strong>omnibus</strong></span> <span class='ocrx_word' id='word_1_171' title='bbox 2228 1998 2304 2037; x_wconf 87' lang='lat'><strong>20</strong></span> 
     </span>
     <span class='ocr_line' id='line_1_22' title="bbox 235 2068 2196 2146; baseline 0.002 -18"><span class='ocrx_word' id='word_1_172' title='bbox 235 2071 460 2145; x_wconf 88' lang='lat' dir='ltr'><strong>Anglos</strong></span> <span class='ocrx_word' id='word_1_173' title='bbox 512 2068 734 2128; x_wconf 91' lang='lat' dir='ltr'><strong>ibidem</strong></span> <span class='ocrx_word' id='word_1_174' title='bbox 779 2068 1012 2141; x_wconf 91' lang='lat' dir='ltr'><strong>locauit,</strong></span> <span class='ocrx_word' id='word_1_175' title='bbox 1067 2070 1280 2129; x_wconf 85' lang='lat' dir='ltr'><strong>relictis</strong></span> <span class='ocrx_word' id='word_1_176' title='bbox 1322 2069 1385 2128; x_wconf 93' lang='lat' dir='ltr'><strong>in</strong></span> <span class='ocrx_word' id='word_1_177' title='bbox 1425 2071 1682 2146; x_wconf 85' lang='lat' dir='ltr'><strong>praefata</strong></span> <span class='ocrx_word' id='word_1_178' title='bbox 1727 2071 1916 2130; x_wconf 86' lang='lat' dir='ltr'><strong>insula</strong></span> <span class='ocrx_word' id='word_1_179' title='bbox 1967 2071 2196 2133; x_wconf 78' lang='lat' dir='ltr'><strong>Scottis,</strong></span> 
     </span>
     <span class='ocr_line' id='line_1_23' title="bbox 235 2165 2203 2243; baseline -0.001 -17"><span class='ocrx_word' id='word_1_180' title='bbox 235 2169 400 2242; x_wconf 89' lang='lat' dir='ltr'><strong>quod</strong></span> <span class='ocrx_word' id='word_1_181' title='bbox 433 2166 706 2225; x_wconf 88' lang='lat' dir='ltr'><strong>uidelicet</strong></span> <span class='ocrx_word' id='word_1_182' title='bbox 741 2165 1157 2226; x_wconf 86' lang='lat' dir='ltr'><strong>monasterium</strong></span> <span class='ocrx_word' id='word_1_183' title='bbox 1193 2185 1380 2241; x_wconf 87' lang='lat' dir='ltr'><strong>usque</strong></span> <span class='ocrx_word' id='word_1_184' title='bbox 1414 2165 1594 2228; x_wconf 89' lang='lat' dir='ltr'><strong>hodie</strong></span> <span class='ocrx_word' id='word_1_185' title='bbox 1629 2168 1706 2225; x_wconf 93' lang='lat' dir='ltr'><strong>ab</strong></span> <span class='ocrx_word' id='word_1_186' title='bbox 1742 2165 1949 2243; x_wconf 89' lang='lat' dir='ltr'>Anglis</span> <span class='ocrx_word' id='word_1_187' title='bbox 1975 2177 2203 2226; x_wconf 86' lang='lat' dir='ltr'><strong>tenetur</strong></span> 
     </span>
     <span class='ocr_line' id='line_1_24' title="bbox 234 2262 2202 2338; baseline 0 -15"><span class='ocrx_word' id='word_1_188' title='bbox 234 2264 458 2324; x_wconf 77' lang='lat' dir='ltr'><strong>incolis·</strong></span> <span class='ocrx_word' id='word_1_189' title='bbox 539 2262 732 2338; x_wconf 90' lang='lat' dir='ltr'><strong>ipsum</strong></span> <span class='ocrx_word' id='word_1_190' title='bbox 767 2282 1026 2338; x_wconf 89' lang='lat' dir='ltr'><strong>namque</strong></span> <span class='ocrx_word' id='word_1_191' title='bbox 1065 2273 1156 2321; x_wconf 89' lang='lat' dir='ltr'><strong>est</strong></span> <span class='ocrx_word' id='word_1_192' title='bbox 1191 2263 1355 2337; x_wconf 91' lang='lat' dir='ltr'><strong>quod</strong></span> <span class='ocrx_word' id='word_1_193' title='bbox 1391 2281 1548 2321; x_wconf 90' lang='lat' dir='ltr'><strong>nunc</strong></span> <span class='ocrx_word' id='word_1_194' title='bbox 1582 2264 1801 2338; x_wconf 83' lang='lat' dir='ltr'><strong>grande</strong></span> <span class='ocrx_word' id='word_1_195' title='bbox 1846 2263 1921 2323; x_wconf 93' lang='lat' dir='ltr'><strong>de</strong></span> <span class='ocrx_word' id='word_1_196' title='bbox 1965 2262 2202 2323; x_wconf 85' lang='lat' dir='ltr'><strong>modico</strong></span> 
     </span>
     <span class='ocr_line' id='line_1_25' title="bbox 237 2359 2204 2434; baseline 0.001 -16"><span class='ocrx_word' id='word_1_197' title='bbox 237 2361 508 2419; x_wconf 87' lang='lat' dir='ltr'><strong>effectum</strong></span> <span class='ocrx_word' id='word_1_198' title='bbox 540 2359 784 2434; x_wconf 89' lang='lat' dir='ltr'><strong>Muigeo</strong></span> <span class='ocrx_word' id='word_1_199' title='bbox 821 2369 1099 2418; x_wconf 91' lang='lat' dir='ltr'><strong>consuete</strong></span> <span class='ocrx_word' id='word_1_200' title='bbox 1136 2368 1397 2432; x_wconf 85' lang='lat' dir='ltr'><strong>uocatur,</strong></span> <span class='ocrx_word' id='word_1_201' title='bbox 1436 2369 1494 2419; x_wconf 92' lang='lat' dir='ltr'><strong>et</strong></span> <span class='ocrx_word' id='word_1_202' title='bbox 1529 2359 1826 2420; x_wconf 90' lang='lat' dir='ltr'><strong>conuersis</strong></span> <span class='ocrx_word' id='word_1_203' title='bbox 1861 2360 2204 2421; x_wconf 89' lang='lat' dir='ltr'><strong>iamdudum</strong></span> 
     </span>
     <span class='ocr_line' id='line_1_26' title="bbox 236 2453 2303 2538; baseline 0.001 -27"><span class='ocrx_word' id='word_1_204' title='bbox 236 2456 315 2512; x_wconf 90' lang='lat' dir='ltr'><strong>ad</strong></span> <span class='ocrx_word' id='word_1_205' title='bbox 369 2453 610 2513; x_wconf 89' lang='lat' dir='ltr'><strong>meliora</strong></span> <span class='ocrx_word' id='word_1_206' title='bbox 660 2453 923 2514; x_wconf 91' lang='lat' dir='ltr'><strong>instituta</strong></span> <span class='ocrx_word' id='word_1_207' title='bbox 974 2453 1246 2514; x_wconf 88' lang='lat' dir='ltr'><strong>omnibus</strong></span> <span class='ocrx_word' id='word_1_208' title='bbox 1301 2454 1592 2532; x_wconf 87' lang='lat' dir='ltr'><strong>egregium</strong></span> <span class='ocrx_word' id='word_1_209' title='bbox 1646 2476 1891 2538; x_wconf 85' lang='lat' dir='ltr'><strong>examen</strong></span> <span class='ocrx_word' id='word_1_210' title='bbox 1943 2456 2205 2516; x_wconf 91' lang='lat' dir='ltr'><strong>continet</strong></span> <span class='ocrx_word' id='word_1_211' title='bbox 2232 2472 2303 2532; x_wconf 83' lang='lat'><strong>25</strong></span> 
     </span>
     <span class='ocr_line' id='line_1_27' title="bbox 237 2549 2206 2627; baseline 0.002 -22"><span class='ocrx_word' id='word_1_212' title='bbox 237 2551 675 2620; x_wconf 90' lang='lat' dir='ltr'><strong>monachorum,</strong></span> <span class='ocrx_word' id='word_1_213' title='bbox 725 2550 825 2625; x_wconf 90' lang='lat' dir='ltr'><strong>qui</strong></span> <span class='ocrx_word' id='word_1_214' title='bbox 880 2551 955 2609; x_wconf 92' lang='lat' dir='ltr'><strong>de</strong></span> <span class='ocrx_word' id='word_1_215' title='bbox 1001 2549 1304 2625; x_wconf 89' lang='lat' dir='ltr'><strong>prouincia</strong></span> <span class='ocrx_word' id='word_1_216' title='bbox 1346 2551 1667 2627; x_wconf 88' lang='lat' dir='ltr'><strong>Anglorum</strong></span> <span class='ocrx_word' id='word_1_217' title='bbox 1713 2549 1933 2610; x_wconf 90' lang='lat' dir='ltr'><strong>ibidem</strong></span> <span class='ocrx_word' id='word_1_218' title='bbox 1975 2551 2206 2611; x_wconf 89' lang='lat' dir='ltr'><strong>collecti</strong></span> 
     </span>
     <span class='ocr_line' id='line_1_28' title="bbox 237 2645 2206 2723; baseline 0.002 -20"><span class='ocrx_word' id='word_1_219' title='bbox 237 2647 314 2704; x_wconf 88' lang='lat' dir='ltr'><strong>ad</strong></span> <span class='ocrx_word' id='word_1_220' title='bbox 357 2647 688 2721; x_wconf 88' lang='lat' dir='ltr'><strong>exemplum</strong></span> <span class='ocrx_word' id='word_1_221' title='bbox 733 2645 1156 2705; x_wconf 87' lang='lat' dir='ltr'><strong>uenerabilium</strong></span> <span class='ocrx_word' id='word_1_222' title='bbox 1202 2657 1435 2723; x_wconf 87' lang='lat' dir='ltr'><strong>patrum</strong></span> <span class='ocrx_word' id='word_1_223' title='bbox 1489 2649 1597 2706; x_wconf 92' lang='lat' dir='ltr'><strong>sub</strong></span> <span class='ocrx_word' id='word_1_224' title='bbox 1643 2650 1839 2723; x_wconf 89' lang='lat' dir='ltr'><strong>regula</strong></span> <span class='ocrx_word' id='word_1_225' title='bbox 1885 2658 1944 2707; x_wconf 92' lang='lat' dir='ltr'><strong>et</strong></span> <span class='ocrx_word' id='word_1_226' title='bbox 1991 2648 2206 2706; x_wconf 88' lang='lat' dir='ltr'><strong>abbate</strong></span> 
     </span>
    </p>
   </div>
   <div class='ocr_carea' id='block_1_3' title="bbox 239 2741 2207 2895">
    <p class='ocr_par' dir='ltr' id='par_1_3' title="bbox 239 2741 2207 2895">
     <span class='ocr_line' id='line_1_29' title="bbox 239 2741 2207 2820; baseline 0.001 -21"><span class='ocrx_word' id='word_1_227' title='bbox 239 2741 526 2801; x_wconf 90' lang='lat' dir='ltr'><strong>canonico</strong></span> <span class='ocrx_word' id='word_1_228' title='bbox 559 2741 622 2799; x_wconf 91' lang='lat' dir='ltr'><strong>in</strong></span> <span class='ocrx_word' id='word_1_229' title='bbox 653 2761 865 2817; x_wconf 86' lang='lat' dir='ltr'><strong>magna</strong></span> <span class='ocrx_word' id='word_1_230' title='bbox 898 2742 1260 2803; x_wconf 88' lang='lat' dir='ltr'><strong>continentia</strong></span> <span class='ocrx_word' id='word_1_231' title='bbox 1286 2754 1347 2803; x_wconf 93' lang='lat' dir='ltr'><strong>et</strong></span> <span class='ocrx_word' id='word_1_232' title='bbox 1374 2743 1702 2803; x_wconf 90' lang='lat' dir='ltr'><strong>sinceritate</strong></span> <span class='ocrx_word' id='word_1_233' title='bbox 1737 2742 1971 2820; x_wconf 86' lang='lat' dir='ltr'><strong>proprio</strong></span> <span class='ocrx_word' id='word_1_234' title='bbox 2007 2745 2207 2803; x_wconf 87' lang='lat' dir='ltr'><strong>labore</strong></span> 
     </span>
     <span class='ocr_line' id='line_1_30' title="bbox 239 2836 767 2895; baseline -0.002 -1"><span class='ocrx_word' id='word_1_235' title='bbox 239 2855 518 2895; x_wconf 89' lang='lat' dir='ltr'><strong>manuum</strong></span> <span class='ocrx_word' id='word_1_236' title='bbox 546 2836 767 2895; x_wconf 91' lang='lat' dir='ltr'><strong>uiuunt.</strong></span> 
     </span>
    </p>
   </div>
   <div class='ocr_carea' id='block_1_4' title="bbox 495 3019 1949 3089">
    <p class='ocr_par' dir='ltr' id='par_1_4' title="bbox 495 3019 1949 3089">
     <span class='ocr_line' id='line_1_31' title="bbox 495 3019 1949 3089; baseline 0.004 -21"><span class='ocrx_word' id='word_1_237' title='bbox 495 3019 516 3049; x_wconf 79' lang='lat'>²</span> <span class='ocrx_word' id='word_1_238' title='bbox 547 3022 807 3070; x_wconf 70' lang='lat' dir='ltr'><strong>distinctius</strong></span> <span class='ocrx_word' id='word_1_239' title='bbox 829 3039 920 3072; x_wconf 87' lang='lat' dir='ltr'><strong>ms.</strong></span> <span class='ocrx_word' id='word_1_240' title='bbox 1569 3024 1611 3057; x_wconf 79' lang='lat'><strong>¹⁹</strong></span> <span class='ocrx_word' id='word_1_241' title='bbox 1644 3025 1839 3089; x_wconf 66' lang='lat' dir='ltr'><strong>qffiwnt</strong></span> <span class='ocrx_word' id='word_1_242' title='bbox 1859 3039 1949 3074; x_wconf 83' lang='lat' dir='ltr'><strong>ms.</strong></span> 
     </span>
    </p>
   </div>
   <div class='ocr_carea' id='block_1_5' title="bbox 2544 663 2552 1514">
    <p class='ocr_par' dir='ltr' id='par_1_5' title="bbox 2544 663 2552 1514">
     <span class='ocr_line' id='line_1_32' title="bbox 2544 663 2552 1514; baseline 0 0"><span class='ocrx_word' id='word_1_243' title='bbox 2544 663 2552 1514; x_wconf 95' lang='lat' dir='ltr'><strong> </strong></span> 
     </span>
    </p>
   </div>
   <div class='ocr_carea' id='block_1_6' title="bbox 328 3558 2554 3750">
    <p class='ocr_par' dir='ltr' id='par_1_6' title="bbox 328 3558 2554 3750">
     <span class='ocr_line' id='line_1_33' title="bbox 328 3558 2554 3750; baseline 0 0"><span class='ocrx_word' id='word_1_244' title='bbox 328 3558 2554 3750; x_wconf 95' lang='lat' dir='ltr'><strong> </strong></span> 
     </span>
    </p>
   </div>
  </div>
 </body>
</html>
