2567 3750
237 4 347 62 130
466 1 707 52 CURES
755 0 1082 52 WROUGH
1081 1 1133 49 T
1161 1 1274 50 ΒΥ
1307 0 1468 48 HER
1516 0 1986 49 CEREMENTS.
2107 0 2163 63 [l
2179 0 2213 39 V

232 133 406 193 solita
449 132 673 193 dicere:
719 132 866 193 ‘scio
913 131 1250 206 certissime,
1289 133 1429 209 quia
1459 131 1669 193 merito
1702 131 1961 193 in·collo
1992 134 2227 211 pondus

236 227 535 304 languoris
563 239 753 305 port0,
784 228 846 288 in
887 248 1008 305 quo
1044 229 1423 289 iuuenculam
1456 248 1553 289 me
1590 229 1834 289 memini
1866 247 2229 306 superuacua

228 322 613 384 moniliorum
640 325 908 399 pondera
933 335 1165 401 portare
1183 346 1213 382 z>
1233 334 1292 384 et
1314 325 1493 384 credo
1512 326 1674 401 quod
1695 324 1835 385 ideo
1854 344 1951 385 me
1975 342 2230 401 superna

230 416 425 495 pietas
454 419 660 481 dolore
688 418 826 478 colli
855 418 1042 478 uoluit
1068 419 1314 495 grauari,
1346 431 1410 479 ut
1439 419 1524 480 sic
1552 421 1829 480 absoluat
1848 431 2015 481 reatu
2034 439 2229 498 super-

234 533 460 575 uacuae
498 515 771 588 leuitatiS,
804 516 948 576 dum
987 515 1132 576 mihi
1172 536 1333 575 nunc
1370 535 1479 593 pro
1513 535 1657 576 auro
1695 527 1758 576 et
1790 516 2113 593 margaritis
2150 516 2228 576 de

236 611 393 670 collo
437 613 617 671 rubor
661 611 902 671 tumoris
946 612 1237 689 ardorque
1285 613 1653 690 promineat!
1740 612 1987 689 contigit
2029 624 2227 673 autem

239 715 400 766 tactu
449 705 932 767 indumentorum
981 709 1327 768 eorumdem
1375 719 1435 768 et
1479 708 1796 768 daemonia
1842 709 1919 768 ab
1969 705 2227 766 obsessis

240 805 492 878 effugata
532 803 876 881 corporibus
915 814 974 862 et
1002 803 1370 864 infirmitates
1397 806 1542 864 alias
1568 803 1883 881 aliquoties
1911 823 2041 864 esse
2067 823 2227 864 cura-

236 910 345 957 tas.
429 897 536 956 sed
582 909 641 959 et
689 899 969 970 loculum,
1011 897 1073 958 in
1111 918 1232 974 quo
1269 900 1460 977 primo
1503 902 1731 979 sepulta
1775 913 1881 973 est,
1926 900 2227 960 nonnullis

236 996 446 1056 oculos
502 995 840 1055 dolentibus
890 995 1061 1055 saluti
1110 996 1289 1057 fuisse
1333 997 1661 1073 perhibent,
1709 996 1811 1074 qui
1863 1007 2003 1057 cum
2058 1017 2227 1058 suum

237 1102 416 1167 caput
455 1088 649 1149 eidem
682 1091 880 1150 loculo
919 1093 1290 1167 adponentes
1328 1105 1610 1167 orassent,
1661 1113 1802 1154 mox
1839 1094 2060 1155 doloris
2104 1095 2229 1154 siue

238 1186 503 1264 caliginis
532 1188 976 1249 incommodum
1004 1191 1081 1248 ab
1112 1189 1298 1249 oculis
1326 1201 1688 1251 amonerent.
1760 1192 2030 1251 lauerunt
2058 1189 2230 1269 igitur

236 1284 492 1361 uirgines
546 1304 759 1362 corpus
814 1297 875 1346 et
928 1286 1118 1345 nouis·
1157 1286 1431 1348 indutum
1487 1288 1749 1348 uestibus
1797 1288 2119 1349 intulerunt
2168 1289 2230 1349 in

239 1374 568 1455 ecclesiam,
599 1393 778 1458 atque
806 1381 867 1440 in
901 1401 974 1441 eo
1009 1383 1172 1458 quod
1206 1385 1471 1445 adlatum
1504 1396 1628 1446 erat
1675 1385 1978 1461 sarcofago
2020 1406 2230 1464 posue-

239 1491 392 1551 runt,
418 1479 520 1539 ubi
549 1499 735 1556 usque
764 1480 945 1539 hodie
963 1480 1023 1539 in
1043 1500 1257 1557 magna
1276 1484 1660 1543 ueneratione
1681 1484 1944 1544 habetur.
2018 1488 2229 1548 mirum

237 1594 381 1636 uero
410 1574 470 1633 in
500 1577 740 1636 modum
773 1575 854 1633 ita
881 1588 1084 1651 aptum
1112 1576 1346 1653 corpori
1373 1577 1613 1654 uirginis
1642 1582 2007 1657 sarcofagum
2030 1582 2232 1644 inuen-

239 1684 368 1730 tum
410 1681 517 1742 est,
562 1690 636 1730 ac
683 1671 732 1729 si
777 1672 830 1731 ei
865 1672 1195 1748 specialiter
1235 1685 1647 1750 praeparatum
1690 1675 1925 1737 fuisset:
1968 1691 2029 1739 et
2065 1680 2230 1741 locus

240 1787 483 1844 quoque
529 1768 734 1844 capitis
787 1788 1052 1828 seorsum
1099 1771 1450 1830 fabrefactus
1506 1773 1582 1832 ad
1639 1791 1979 1834 mensuram
2025 1776 2231 1853 capitis

242 1865 398 1927 illius
425 1864 723 1942 aptissime
752 1867 1032 1943 figuratus
1060 1867 1345 1944 apparuit.

362 1965 474 2025 Est
501 1973 700 2025 autern
731 1966 879 2039 Elge
906 1963 968 2024 in
995 1964 1300 2040 prouincia
1317 1964 1705 2027 Orientalium
1727 1970 2053 2047 Anglorum
2069 1971 2230 2049 regio

242 2059 596 2122 familiarum
640 2059 871 2121 circiter
914 2071 1337 2134 sexcentarum,
1389 2061 1452 2120 in
1507 2062 1949 2126 similitudinem
2003 2067 2230 2130 insulae

242 2158 340 2216 uel
377 2155 710 2232 paludibuS,
748 2167 812 2216 ut
848 2156 1116 2228 diximuS‚
1152 2157 1516 2218 circumdata
1546 2161 1642 2219 uel
1675 2161 1859 2236 aquis,
1896 2165 2057 2224 unde
2094 2176 2154 2225 et
2194 2186 2232 2226 a

247 2252 421 2330 copia
473 2253 861 2328 anguillarum
925 2272 1079 2329 quae
1134 2252 1196 2312 in
1253 2253 1474 2315 eisdem
1543 2258 1856 2333 paludibus
1920 2260 2232 2336 capiuntur

245 2367 468 2412 nomen
495 2349 750 2426 accepitz
794 2349 896 2408 ubi
923 2351 1345 2410 monasterium
1374 2354 1590 2413 habere
1628 2355 1982 2417 desiderauit
2008 2378 2230 2420 memo·

246 2457 374 2507 rata
400 2444 619 2508 Christi
648 2445 885 2517 famula,
916 2445 1196 2521 quoniam
1225 2447 1304 2507 de
1330 2448 1634 2523 provincia
1661 2454 2004 2512 eorumdem
2027 2454 2232 2515 Orien-

251 2541 454 2601 talium
491 2542 818 2620 Anglorum
856 2543 1001 2620 ipsa,
1052 2554 1119 2603 ut
1163 2545 1410 2620 praefati
1455 2565 1672 2619 summ,
1715 2548 1906 2608 carnis
1947 2551 2231 2629 originem

249 2640 510 2702 duxerat·

258 2837 263 2844 .
1161 2782 1330 2867 [XX]

249 2909 714 3035 VIDETVR
778 2924 1135 2988 oportunum
1190 2916 1329 2976 huic
1383 2916 1657 2980 historiae
1713 2921 1890 2982 etiam
1945 2923 2231 3001 hymnum

2261 1022 2331 1059 10

2263 2481 2331 2539 25

450 3006 790 3083 virginitatis
845 3007 1111 3083 inserere,
1169 3032 1349 3089 quem
1402 3027 1540 3075 ante
1593 3037 1781 3078 annos
1835 3020 2118 3095 plurimos
2172 3025 2232 3083 in
2262 3045 2339 3101 30

249 3102 486 3165 laudem
527 3119 598 3163 ac
633 3106 1014 3178 praeconium
1051 3107 1320 3171 eiusdem
1360 3111 1595 3190 reginae
1634 3133 1705 3173 ac
1738 3134 1988 3191 sponsae
2018 3119 2234 3182 Christi

571 3212 614 3246 θ’
645 3215 966 3278 angm'larum
988 3236 1078 3271 ms.
1527 3223 1570 3257 ’Β
1602 3228 1807 3277 XVIII
1820 3244 1911 3279 ms.

2535 3341 2553 3462 l
