2567 3750
319 200 549 283 nomia]
896 220 1023 270 HIS
1071 220 1295 269 WORK
1324 220 1400 269 Js
1436 221 1723 275 ENDED.
2180 221 2288 279 Ῑ79

320 348 570 410 maxime
622 361 818 411 autem
873 350 935 409 in
996 351 1179 410 uerbo
1235 352 1399 426 quod
1453 351 1676 411 dixerat
1731 350 1868 426 quia
1919 349 2311 432 aestimarent⁴

316 447 479 521 quod
501 445 713 505 faciem
750 446 886 506 eius
902 446 1151 523 amplius
1189 464 1312 506 non
1350 448 1535 506 multo
1573 446 1634 505 in
1672 448 1788 506 hoc
1825 449 2058 506 saeculo
2097 458 2290 506 essent

315 542 508 602 uisuri.
595 545 932 620 gaudebant
973 555 1170 603 autem
1220 545 1297 604 de
1338 563 1411 603 eo
1451 544 1614 619 quod
1651 543 1831 603 dixit:
1878 548 2144 618 ‘tempus
2180 553 2287 617 est,

315 640 364 698 si
406 638 492 698 sic
530 639 734 698 factori
774 659 910 698 meo
950 639 1198 710 uidetur,
1244 649 1311 698 ut
1336 640 1431 715 'ad
1473 658 1606 698 eum
1650 641 1831 700 modo
1879 641 2177 699 absolutus
2218 659 2291 699 ex

250 746 281 802 5
313 752 485 792 carne
511 733 766 807 ueniam,
798 734 899 810 qui
935 754 1031 794 me
1060 735 1299 810 quando
1336 754 1459 793 non
1498 754 1654 793 eram
1688 754 1760 793 ex
1787 735 1969 794 nihilo
1997 736 2284 795 formauit.

313 830 561 887 multum
589 839 821 905 tempus
857 829 993 901 uixi,
1022 832 1294 905 beneque
1331 829 1473 888 mihi
1500 829 1630 906 pius
1658 829 1835 890 iudex
1873 830 2056 890 uitam
2093 849 2286 890 meam

312 921 615 996 praeuidit.
720 934 952 998 tempus
1013 923 1407 983 absolucionis
1469 941 1636 982 meae
1689 942 1870 999 prope
1916 935 2018 995 est,
2068 925 2286 984 etenim

311 1015 507 1074 anima
537 1035 669 1076 mea
695 1018 987 1076 desiderat
1022 1038 1219 1094 regem
1260 1038 1458 1078 meum
1497 1018 1792 1078 Christum
1829 1018 1891 1076 in
1930 1021 2142 1079 decore
2179 1040 2289 1078 suo

311 1109 510 1167 uidere
528 1111 557 1170 ².
643 1111 728 1170 sic
763 1121 822 1170 et
862 1111 975 1170 alia
1008 1113 1190 1171 multa
1225 1111 1485 1171 utilitatis
1514 1131 1690 1170 causa
1715 1113 1792 1171 ad
1819 1113 2286 1172 aedificationem

212 1227 285 1263 10
311 1219 570 1267 nostram
597 1206 827 1266 locutus
854 1206 918 1265 in
946 1206 1130 1265 letitia
1157 1207 1316 1266 diem
1353 1207 1623 1266 ultimum
1662 1227 1846 1282 usque
1874 1208 1951 1266 ad
1977 1227 2286 1283 uesperum

311 1304 492 1377 duxit,
536 1314 594 1364 et
634 1306 924 1380 praefatus
971 1323 1117 1380 puer
1169 1303 1411 1362 nomine
1464 1303 1803 1362 uuilberche
1854 1305 2050 1362 adhuc
2104 1304 2283 1365 dixit:

313 1406 326 1430 ‘
344 1399 615 1475 magister
647 1399 876 1471 dilecte,
912 1408 1087 1458 restat
1118 1399 1316 1457 adhuc
1343 1417 1460 1457 una
1488 1397 1776 1456 sententia
1802 1417 1923 1455 non
1952 1398 2279 1474 descripta'.

308 1504 369 1552 at
403 1494 501 1554 ille
533 1497 717 1554 ‘bene
738 1497 751 1521 '
780 1494 985 1570 inquid
1018 1498 1033 1526 ‘
1050 1493 1236 1552 scribe
1254 1495 1282 1552 '.
1370 1503 1428 1552 et
1457 1503 1591 1568 post
1618 1492 1918 1551 modicum
1941 1492 2086 1551 dixit
2115 1513 2285 1569 puer:

313 1590 519 1648 ‘modo
561 1589 853 1665 descripta
880 1599 967 1648 est
987 1591 1017 1647 '.
1099 1599 1159 1648 at
1196 1588 1292 1648 ille
1319 1590 1532 1648 ‘bene'
1554 1588 1762 1663 inquid
1792 1593 2285 1647 ‘consummatum

210 1709 276 1766 15
309 1696 411 1756 est,
458 1685 760 1744 ueritatem
801 1684 1032 1757 dixisti3
1071 1684 1274 1760 accipe
1326 1703 1525 1743 meum
1560 1696 1742 1760 ,caput
1780 1685 1840 1743 in
1884 1704 2091 1743 manus
2138 1695 2282 1758 tuaS‚

307 1781 443 1856 quia
465 1784 714 1840 multum
736 1800 831 1840 me
854 1783 1105 1841 delectat
1127 1782 1329 1839 sedere
1354 1800 1423 1839 ex
1451 1782 1861 1840 aduerso‘loco
1890 1793 2093 1839 sancto
2123 1802 2277 1853 me0,

309 1878 370 1934 in
399 1896 519 1953 quo
547 1896 709 1937 orare
747 1877 1022 1949 solebam,
1054 1886 1119 1934 ut
1156 1885 1215 1936 et
1244 1896 1353 1952 ego
1382 1877 1593 1935 sedens
1631 1887 1852 1951 patrem
1891 1896 2089 1935 meum
2118 1877 2281 1936 inuo-

307 1989 439 2030 care
478 1971 734 2048 possim.'
810 1981 867 2031 et
900 1971 984 2029 sic
1026 1970 1088 2029 in
1127 1971 1467 2047 pauimento
1503 1990 1641 2030 suae
1683 1974 1912 2030 casulae
1957 1973 2280 2030 decantans

308 2075 321 2098 ‘
344 2070 526 2144 gloria
564 2068 714 2145 patri
754 2079 813 2127 et
845 2056 965 2128 filio
1004 2079 1063 2128 et
1100 2067 1323 2144 spiritui
1352 2079 1557 2127 sancto
1574 2070 1587 2096 '
1616 2078 1677 2127 et
1704 2079 1911 2140 cetera,
1941 2068 2208 2127 ultimum
2242 2087 2276 2126 e

206 2186 279 2221 20
307 2183 550 2240 corpore
578 2164 871 2223 exhalauit
896 2163 1174 2240 spiritum.
1258 2175 1436 2239 atque
1463 2174 1529 2222 ut
1556 2162 1681 2223 sine
1710 2164 1889 2223 dubio
1918 2166 2131 2223 creden
2141 2166 2283 2222 dum

308 2270 393 2317 est
414 2261 575 2335 quod
603 2279 709 2336 pro
732 2279 804 2318 eo
828 2260 962 2334 quia
988 2259 1086 2316 hic
1113 2278 1342 2334 semper
1371 2257 1786 2318 deuotissimus
1808 2258 1869 2316 in
1892 2258 1990 2316 dei
2009 2258 2279 2316 laudibus

305 2355 668 2417 laborauerat
695 2358 770 2414 ad
798 2355 1009 2430 gaudia
1046 2355 1465 2414 desideriorum
1498 2354 1801 2414 celestium
1828 2355 2022 2413 anima
2050 2354 2174 2413 eius
2203 2356 2277 2413 ab

302 2451 521 2527 angelis
548 2461 883 2527 portaretur.
955 2469 1159 2509 omnes
1186 2461 1384 2509 autem
1414 2450 1514 2525 qui
1541 2449 1776 2509 audiere
1809 2452 1905 2509 uel
1932 2450 2132 2509 uidere
2161 2450 2281 2510 obi-

303 2558 427 2605 tum
456 2547 718 2606 Baedani
746 2546 922 2622 patris
950 2546 1147 2618 nostri,
1170 2566 1494 2621 numquam
1523 2565 1584 2605 se
1612 2546 1829 2605 uidisse
1865 2546 2042 2606 alium
2070 2547 2131 2604 in
2159 2557 2282 2604 tam

207 2662 233 2696 2
246 2659 274 2714 5
303 2660 513 2717 magna
559 2642 886 2701 deuocione
940 2653 1117 2716 atque
1172 2642 1587 2717 tranquillitate
1636 2642 1818 2701 uitam
1872 2661 2036 2701 suam
2081 2642 2277 2701 finisse

301 2737 610 2798 dicebant:
659 2738 811 2814 quia,
844 2738 992 2797 sicut
1032 2738 1261 2809 audisti,
1300 2758 1603 2814 quousque
1645 2739 1841 2797 anima
1884 2739 2010 2798 eius
2055 2738 2115 2796 in
2159 2759 2281 2797 cor-

299 2853 443 2909 pore
496 2833 620 2907 fuit,
676 2834 889 2911 ‘gloria
939 2834 1119 2911 patri'
1175 2846 1234 2894 et
1280 2834 1394 2892 alia
1442 2836 1730 2909 quaedam
1779 2837 1854 2893 ad
1896 2833 2141 2909 gloriam
2183 2833 2278 2892 dei

301 2931 512 2990 cecinit
549 2941 607 2989 et
641 2929 911 3005 expansis
947 2929 1217 2988 manibus
1256 2932 1371 2989 deo
1398 2929 1608 3005 gratias
1635 2949 1805 3006 agere
1833 2949 1954 2988 non
1991 2928 2273 2988 cessabat.

303 3025 445 3083 scire
474 3036 672 3084 autem
701 3026 883 3083 debes
912 3024 1049 3100 quia
1074 3025 1268 3083 adhuc
1297 3026 1481 3083 multa
1501 3024 1717 3083 narrari
1745 3035 1802 3084 et
1832 3023 2003 3083 scribi
2029 3036 2276 3099 possunt

204 3135 275 3189 30
303 3120 376 3177 de
417 3137 490 3177 eo
533 3119 638 3177 sed
677 3139 838 3178 nunc
893 3120 1239 3178 breuitatem
1281 3120 1564 3179 sermonis
1605 3119 1915 3179 ineruditio
1961 3137 2127 3177 meae
2168 3119 2272 3176 lin-

302 3233 452 3290 guae
492 3214 643 3273 facit.
728 3226 986 3274 attamen
1016 3216 1212 3293 cogito
1240 3219 1375 3294 deod
1399 3217 1718 3276 adiuuante
1755 3236 1828 3276 ex
1862 3207 2125 3293 tempore
2159 3219 2277 3292 ple-

301 3311 431 3370 nius
461 3311 535 3370 de
565 3329 637 3370 eo
666 3311 916 3371 scribere
944 3332 1095 3388 quae
1123 3314 1307 3373 oculis
1335 3314 1459 3374 uidi
1488 3326 1546 3375 et
1582 3314 1815 3374 auribus
1851 3315 2064 3375 audiui.
2149 3316 2275 3374 finit

304 3408 379 3467 de
406 3405 572 3466 obitu
602 3406 824 3466 Bedani
851 3408 1183 3485 presbyteri.

1924 3540 2110 3578 12—-2
