2567 3750
240 232 358 310 364
748 246 870 298 PJL
877 244 1107 299 GRIMA
1119 247 1259 297 GEs
1305 245 1394 296 To
1434 245 1662 296 RoMe.
2097 227 2219 311 [IV

238 385 286 427 et
313 376 474 427 adhuc
488 374 696 440 faciunt
714 413 727 427 .
760 411 774 426 .
799 412 811 427 .
834 378 919 426 sed
931 378 1047 441 quia
1073 377 1262 436 scimus,
1291 377 1421 440 quod
1446 379 1595 425 multi
1617 384 1751 436 sunt,
1787 376 1875 441 qui
1892 378 2023 426 hanc
2041 377 2216 425 uolun-

239 465 387 508 tatem
429 460 712 527 uituperant
748 464 794 507 et
832 459 965 507 hunc
1004 474 1217 507 amorem
1253 459 1495 521 derogant,
1534 474 1601 507 on
1644 459 1728 507 the
1759 459 1952 522 ground
1983 458 2090 507 that
2131 456 2221 507 the

238 550 424 591 canons
457 539 646 602 require
679 538 818 587 those
847 537 960 586 who
993 554 1074 586 are
1094 538 1251 586 under
1271 552 1407 586 vows
1428 545 1481 586 to
1502 538 1689 587 remain
1710 538 1762 586 in
1790 538 1873 587 the
1894 538 2035 603 place
2056 537 2220 586 where

241 614 361 678 they
388 616 509 665 took
536 616 623 665 the
652 632 802 675 vows‚
843 632 918 665 we
954 616 1042 665 ask
1081 632 1203 679 your
1239 617 1428 665 advice.
1497 617 1559 665 In
1594 617 1670 665 his
1705 618 1895 666 famous
1929 617 2072 666 letter
2110 616 2220 675 (AD

243 695 337 757 748
360 696 484 745 aster
504 697 643 760 May)
665 703 719 746 to
740 698 840 762 abp
864 697 1104 746 Cuthbert
1127 697 1360 746 Boniface
1381 705 1570 761 reports
1591 697 1699 746 that
1719 698 2032 761 pilgrimages
2052 698 2134 747 led
2166 704 2220 746 to
2291 704 2326 764 5

241 783 379 840 great
406 777 611 826 scandal
637 779 721 842 (ep
753 790 811 840 70
839 795 874 842 p
899 779 1012 838 208)
1046 779 1224 827 bonum
1252 785 1367 826 esset
1391 785 1437 826 et
1465 779 1681 827 honestas
1708 787 1752 827 et
1765 779 2007 842 pudicitia
2038 785 2226 826 uestrae

240 856 447 904 ecclesiae
474 863 519 905 et
545 858 745 920 aliquod
771 859 1097 906 uelamentum
1129 857 1469 920 turpitudinis,
1502 859 1552 907 si
1581 858 1929 921 prohiberet
1963 856 2223 920 synodus

240 943 300 986 et
332 938 632 1003 principes
674 938 858 988 uestri
901 938 1247 987 mulieribus
1282 945 1339 987 et
1381 937 1605 987 uelatis
1640 938 1879 987 feminis
1914 937 2066 986 illud
2107 936 2224 987 iter

243 1004 294 1068 ei:
335 1019 738 1085 frequentiam
781 1036 951 1085 quam
995 1020 1067 1069 ad
1111 1022 1431 1069 Romanam
1477 1020 1784 1069 ciuitatem
1827 1019 2121 1068 ueniendo
2165 1024 2223 1068 et

242 1102 542 1152 redeundo
585 1102 825 1151 faciunt.
891 1101 1009 1164 quia
1041 1115 1223 1163 magna
1253 1116 1314 1148 ex
1339 1106 1485 1164 parte
1515 1106 1737 1164 pereunt,
1766 1100 1942 1163 paucis
1972 1114 2222 1148 remanen-
2258 1109 2335 1146 10

243 1181 369 1229 tibus
410 1182 622 1246 integris.
684 1188 957 1245 perpaucae
999 1179 1132 1228 enim
1174 1185 1297 1227 sunt
1327 1180 1543 1228 ciuitates
1580 1181 1638 1227 in
1669 1179 2006 1244 Langobardia
2047 1179 2127 1226 uel
2165 1178 2223 1226 in

243 1261 460 1313 Francia
501 1269 592 1312 aut
630 1263 687 1311 in
725 1261 903 1320 Gallia,
947 1261 1003 1309 in
1044 1277 1144 1324 qua
1186 1277 1285 1308 non
1329 1262 1395 1309 sit
1432 1262 1655 1310 adultera
1686 1263 1766 1310 uel
1808 1263 2035 1309 meretrix
2069 1262 2228 1324 gentis·

244 1341 291 1388 A
297 1341 537 1401 nglorum.
584 1342 715 1403 quod
738 1342 1026 1389 scandalum
1057 1346 1125 1388 est
1163 1345 1209 1387 et
1247 1341 1496 1403 turpitudo
1526 1343 1672 1389 totius
1701 1342 1909 1390 ecclesiae
1935 1348 2130 1389 uestrae.
2168 1341 2224 1389 ib

243 1420 307 1469 88
331 1435 365 1484 p
388 1418 483 1484 236
517 1421 749 1470 Boniface
781 1423 1120 1470 recommends
1152 1422 1298 1485 delay
1320 1422 1396 1471 till
1426 1424 1612 1485 danger
1643 1423 1769 1471 srom
1801 1422 1885 1470 the
1918 1422 2153 1470 Saracens
2182 1420 2226 1468 is

244 1513 376 1547 over.
448 1500 774 1563 Wiethburga
805 1500 905 1549 had
938 1501 1090 1550 found
1124 1510 1220 1549 rest
1253 1503 1397 1549 iuxta
1437 1503 1615 1550 limina
1655 1502 1817 1549 sancti
1844 1500 1993 1548 Petri.
2064 1499 2116 1547 ib
2160 1514 2224 1562 ep
2260 1508 2286 1546 t
2301 1506 2333 1565 5

252 1592 340 1639 ¹03
365 1593 397 1641 p
422 1590 517 1640 254
536 1578 660 1641 king
689 1579 969 1628 Aethilbert
995 1580 1052 1628 of
1079 1580 1214 1629 Kent
1248 1580 1544 1643 (748—755)
1576 1587 1629 1628 to
1661 1579 1909 1638 Boniface,
1937 1577 2020 1627 the
2050 1577 2227 1626 abbess

245 1655 457 1721 Bugge’s
478 1658 591 1707 visit
611 1666 664 1706 to
688 1660 861 1707 Rome.
920 1659 976 1708 cf
988 1659 1041 1707 ib
1066 1671 1122 1722 53
1147 1675 1181 1723 p
1210 1674 1298 1721 155
1320 1660 1433 1708 end.
1493 1660 1604 1709 One
1626 1659 1684 1708 of
1699 1660 1782 1708 the
1804 1660 2014 1708 offences
2037 1658 2094 1706 of
2112 1660 2125 1684 ‘
2140 1659 2227 1708 the

246 1736 365 1785 false
384 1736 635 1800 -prophet'
667 1738 936 1787 Aldeberct
965 1739 1037 1796 (ib
1067 1754 1128 1800 50
1149 1756 1184 1802 p
1213 1754 1304 1803 139
1336 1740 1504 1788 before
1533 1741 1631 1789 Oct
1666 1741 1777 1802 745)
1802 1756 1903 1789 was
1931 1740 2009 1788 his
2030 1739 2222 1803 asking‚

243 1816 369 1880 quid
410 1817 672 1864 uoluissent
718 1818 934 1866 homines
989 1819 1292 1868 uisitando
1347 1819 1557 1868 limina
1606 1827 1943 1868 sanctorum
1993 1827 2226 1884 aposto·

246 1898 447 1948 lorum.
502 1898 718 1946 Prudent
740 1899 890 1962 perist
913 1912 954 1948 11
978 1915 1073 1963 520
1094 1901 1199 1963 ipsa
1220 1907 1266 1948 et
1292 1906 1486 1948 senatus
1504 1902 1715 1959 lumina,
1746 1898 1754 1964 Ι
1783 1899 2028 1964 quondam
2049 1900 2235 1963 luperci
2258 1916 2340 1954 20

244 1985 335 2027 aut
350 1979 599 2041 flamines,
625 1977 637 2043 1
667 1982 1069 2044 apostolorum
1098 1990 1155 2031 et
1180 1991 1496 2045 martyrum
1526 1979 1535 2045 Ι
1561 1983 1979 2031 exosculantur
2001 1982 2226 2031 limina.

246 2060 483 2109 Claudius
514 2062 573 2110 of
597 2062 751 2110 Turin
787 2063 916 2122 (cent
947 2062 1025 2122 IX)
1058 2071 1210 2113 wrote
1242 2065 1433 2128 against
1463 2065 1601 2113 these
1633 2064 1945 2128 pilgrimages
1965 2062 2092 2124 <bibl
2118 2070 2232 2126 patr

244 2157 360 2189 max
383 2152 484 2189 xlv
512 2140 698 2205 1980‘11,
738 2143 843 2192 also
874 2145 1066 2207 against
1095 2143 1318 2207 images).
1387 2145 1588 2208 Dungal
1612 2146 1681 2204 (ib
1707 2142 1826 2194 ‘210¹'
1849 2160 1936 2195 211
1962 2144 2068 2208 seq)
2091 2144 2230 2193 attri-

245 2223 386 2271 butes
407 2221 485 2271 his
507 2222 776 2285 objections
799 2232 850 2272 to
873 2224 1009 2272 trade
1032 2224 1237 2287 rivalry:
1270 2224 1401 2288 quod
1416 2232 1577 2272 autem
1601 2225 1686 2273 ille
1706 2230 1984 2273 sanctorum
2004 2224 2230 2272 oninium

243 2305 462 2353 ban'licas
491 2305 792 2368 maximeque
823 2306 984 2354 sancti
1024 2306 1163 2353 Petri
1199 2304 1383 2353 orandi
1419 2321 1566 2354 causa
1607 2306 1796 2354 visitati
1826 2305 2060 2364 abhorret,
2107 2304 2229 2352 dum
2257 2315 2292 2351 2
2301 2312 2336 2370 5

242 2400 347 2433 eam
387 2386 686 2433 numerosior
717 2386 928 2448 populus
970 2401 1119 2449 quam
1162 2386 1292 2433 alias
1332 2388 1515 2450 appetit
1550 2388 1773 2446 ecclesias,
1804 2421 1818 2437 .
1847 2421 1861 2436 .
1889 2419 1902 2434 .
1921 2385 2138 2434 inuidt'ae
2173 2393 2234 2433 ut

244 2464 456 2512 arbitror
492 2469 538 2511 et
577 2464 853 2525 cupiditatis·
899 2464 1113 2511 stimulis
1153 2464 1367 2525 agitatus
1414 2464 1499 2512 hoc
1527 2465 1675 2527 facit,
1727 2465 1859 2529 quod
1900 2465 2067 2514 uotiua
2109 2464 2232 2513 illuc

233 2543 461 2606 plurima
490 2543 747 2605 confluunt
774 2543 995 2591 donaria.
1047 2557 1166 2590 nam
1197 2542 1247 2590 si
1271 2543 1344 2590 ad
1381 2543 1430 2591 T
1420 2544 1758 2592 aurinensium
1790 2544 2020 2593 eeclesiam
2049 2544 2121 2592 rita
2151 2545 2229 2592 de-

229 2624 508 2687 ferrentur,
539 2631 659 2673 certe
697 2624 978 2673 crediderim
1019 2624 1151 2687 quod
1189 2640 1291 2673 non
1330 2625 1498 2673 minus
1527 2625 1612 2673 isti
1646 2625 1983 2673 consuetudini
2005 2625 2231 2687 faumdo

242 2710 290 2755 et
326 2722 432 2754 earn
472 2705 721 2755 laudando
756 2707 1034 2767 desudasset,
1077 2721 1227 2769 quam
1271 2722 1409 2754 nunc
1450 2705 1821 2767 blasphemando
1861 2713 1907 2755 et
1939 2705 2230 2755 dehortando
2253 2710 2339 2765 30

239 2785 441 2834 laborat.
496 2785 550 2834 ib
574 2800 598 2832 2
611 2792 686 2851 19⁹
706 2785 1054 2847 blasphemator
1071 2787 1217 2848 quasi
1232 2786 1358 2833 alter
1375 2785 1643 2833 immanior
1680 2786 1730 2833 T
1720 2791 1946 2833 artareus
1982 2784 2225 2834 Cerberus.

245 2866 463 2915 Ethelric
483 2866 536 2915 in
559 2866 773 2915 Kemble
795 2867 890 2914 cod
911 2866 1018 2929 dipl
1042 2877 1085 2914 11
1111 2878 1202 2928 227
1226 2866 1368 2914 when
1396 2865 1421 2912 I
1445 2866 1622 2928 sought
1654 2865 1713 2915 St
1736 2866 1881 2914 Peter
1899 2865 1997 2914 and
2024 2865 2081 2914 St
2104 2865 2228 2915 Paul

242 2944 319 2994 for
339 2946 423 2994 the
444 2945 643 3007 healing
676 2944 733 2993 of
757 2961 842 3008 my
863 2945 985 2993 soul.
1043 2944 1138 2994 See
1164 2945 1387 3008 glossary
1410 2944 1592 2993 ‘limen
1608 2942 1637 2994 '.
1699 2944 1918 3008 Lingard
1941 2956 1986 2993 11
2008 2944 2085 3009 98.
2121 2943 2227 2994 106.

248 3040 339 3087 114
367 3037 469 3087 115.
511 3026 747 3074 Baronius
770 3025 865 3086 650
889 3039 932 3086 3.

339 3105 380 3152 P
402 3104 511 3161 138
539 3119 592 3165 15
631 3115 983 3153 HVICCIORVM
1006 3119 1041 3167 p
1063 3119 1083 3153 1
1098 3102 1154 3153 16
1175 3104 1193 3152 1
1210 3118 1290 3166 3n.
1316 3115 1473 3153 osR1c
1489 3103 1705 3153 Kemble
1719 3104 1814 3155 cod
1837 3103 1993 3168 dipln
2016 3118 2090 3151 12.
2123 3102 2225 3151 AA
2253 3106 2330 3167 35

245 3182 321 3232 SS
354 3200 409 3247 13
434 3185 566 3234 Febr
587 3184 764 3248 (11673
788 3202 822 3234 n
846 3182 910 3248 2).

373 3296 409 3322 „
485 3262 543 3313 16
574 3276 804 3314 VERBVM
828 3276 898 3312 ET
921 3276 1234 3313 EXEMPLVM
1259 3279 1295 3327 p
1318 3279 1377 3325 27
1401 3264 1421 3313 1
1445 3280 1471 3314 2
1495 3279 1546 3311 n.

244 3411 310 3478 69
372 3374 409 3400 ‚,
483 3345 540 3392 18
572 3355 740 3394 Bosm.
769 3346 840 3411 bp
873 3347 1153 3398 Worcester
1183 3344 1280 3411 689
1316 3346 1457 3407 (Flor
1487 3346 1589 3409 Vig
1621 3344 1782 3393 MHB
1818 3341 1971 3407 536⁵),
1998 3343 2223 3410 resigned

318 3428 338 3463 1
365 3417 437 3478 (ib
460 3420 609 3481 538⁶).
1113 3439 1120 3446 ·
