2567 3750
260 41 372 94 144
810 38 907 87 OF
943 36 1383 93 CAEDMON’S
1418 39 1575 87 DEA
1590 38 1701 88 ΤΗ.
1963 38 1971 47 ’
2129 21 2244 104 [IV

255 168 488 240 diuinis,
513 167 573 226 in
592 166 805 243 quibus
835 168 1063 228 cunctis
1090 168 1361 229 homines
1389 169 1465 227 ab
1494 187 1692 228 amore
1721 169 2006 229 scelerum
2027 171 2245 230 abstra-

255 266 411 337 here,
442 265 518 323 ad
547 263 930 324 dilectionem
956 283 1098 323 uero
1117 273 1176 323 et
1194 263 1490 323 solertiam
1508 265 1702 325 bonae
1719 263 1967 324 actionis
1990 265 2242 327 excitare

255 360 515 419 curabat.
590 372 732 425 ¹erat
784 360 941 419 enim
992 359 1084 419 uir
1126 361 1379 419 multum
1423 358 1726 437 religiosus
1778 371 1839 420 et
1886 362 2244 438 regularibus

257 453 582 530 disciplinis
609 454 905 515 humiliter
933 454 1218 527 subdituS,
1249 455 1563 515 aduersum
1595 475 1738 516 uero
1775 457 1906 516 illos
1941 456 2042 533 qui
2080 458 2247 518 aliter

256 551 448 609 facere
504 550 788 609 uolebant
843 552 972 610 zelo
1027 550 1227 626 magni
1282 550 1527 610 feruoris
1581 569 1902 613 accensus:
1965 552 2128 613 unde
2187 564 2246 612 et
2313 572 2344 630 5

256 648 505 722 pulchro
533 646 717 706 uitam
748 666 916 706 suam
945 648 1062 706 fine
1091 645 1398 706 conclusit.
2176 669 2211 705 ο

258 837 535 899 ueniente
606 858 890 915 corporea
963 838 1299 899 infirmitate
1362 859 1597 916 pressus
1653 852 1757 911 est,
1823 842 1977 900 adeo
2044 851 2243 901 tamen

258 935 562 995 moderate
606 946 672 994 ut
720 946 778 999 et
823 934 988 1010 loqui
1034 945 1160 994 toto
1210 955 1282 995 eo
1332 946 1597 1010 ternpore
1647 946 1851 1012 posset
1894 947 1954 997 et
1997 936 2238 1013 ingredi.

259 1040 384 1090 erat
410 1042 606 1109 autem
634 1030 695 1089 in
723 1030 994 1107 proximo
1023 1050 1176 1104 casa,
1206 1031 1267 1089 in
1298 1050 1415 1106 qua
1443 1031 1788 1093 infirmiores
1825 1043 1885 1092 et
1922 1034 2024 1110 qui
2060 1052 2243 1110 prope
2279 1053 2349 1090 10

259 1127 522 1186 morituri
578 1147 706 1188 esse
760 1127 1117 1189 uidebantur
1171 1127 1374 1191 induci
1427 1130 1711 1190 solebant.
1811 1129 2041 1207 rogauit
2106 1149 2243 1206 ergo

260 1223 588 1283 ministrum
617 1244 789 1284 suum
819 1244 1064 1301 uespere
1090 1225 1490 1299 incumbente,
1519 1236 1698 1287 nocte
1735 1247 1853 1303 qua
1888 1229 1964 1288 de
2008 1230 2244 1287 saeculo

261 1328 384 1377 erat
419 1319 691 1392 exiturus,
735 1330 802 1379 ut
845 1319 907 1382 in
956 1340 1028 1380 ea
1072 1321 1183 1380 sibi
1224 1323 1421 1380 locum
1464 1322 1809 1398 quiescendi
1849 1336 2244 1401 praepararet:

265 1414 366 1489 qui
393 1414 633 1479 miratus
662 1436 764 1475 cur
790 1416 906 1476 hoc
932 1427 1178 1492 rogaret,
1196 1416 1297 1492 qui
1326 1437 1703 1494 nequaquam
1725 1419 1920 1478 adhuc
1936 1420 2246 1480 moriturus

246 1532 395 1573 *esse
433 1513 764 1588 uidebatur,
794 1515 932 1573 fecit
968 1526 1171 1574 tamen
1204 1517 1365 1592 quod
1407 1515 1648 1576 dixerat.
1731 1535 1987 1593 cumque
2022 1517 2244 1578 ibidem
2279 1532 2343 1589 15

262 1608 439 1686 positi
483 1609 744 1668 uicissim
793 1610 989 1686 aliqua
1031 1612 1329 1688 gaudente
1378 1613 1595 1686 animo,
1648 1632 1769 1672 una
1822 1632 1959 1672 cum
2008 1615 2091 1674 eis
2146 1615 2245 1690 qui

262 1706 483 1767 ibidem
512 1718 650 1767 ante
679 1707 922 1783 inerant,
952 1710 1332 1785 loquerentur
1358 1728 1429 1768 ac
1458 1709 1787 1769 iocarentur
1804 1710 1998 1770 etiam
2016 1712 2245 1771 mediae

262 1803 454 1864 noctis
491 1815 726 1881 tempus
760 1817 913 1865 esset
955 1815 1378 1880 transcensum,
1419 1805 1815 1884 interrogauit,
1854 1807 1903 1866 si
1958 1808 2245 1866 eucharis-

263 1903 405 1964 tiam
455 1904 614 1964 intus
663 1905 962 1965 haberent.
1047 1906 1502 1982 respondebant,
1543 1909 1559 1939 ‘
1569 1905 1712 1982 quid
1742 1924 1893 1981 opus
1921 1914 2009 1964 est
2038 1907 2241 1965 eucha-

262 1999 470 2059 ristia?
525 2019 720 2075 neque
770 2002 929 2061 enim
976 2001 1128 2062 mori
1175 2003 1372 2061 adhuc
1416 2002 1619 2073 habeS,
1673 2000 1774 2077 qui
1823 2011 1945 2060 tam
1989 2000 2246 2061 hilariter
2275 2015 2347 2051 ²0

260 2099 572 2157 nobiscum
599 2100 765 2157 uelut
794 2118 999 2175 sospes
1033 2098 1325 2175 loqueris)
1406 2116 1599 2158 rursus
1640 2097 1738 2158 ille
1783 2100 1868 2156 ‘et
1902 2098 2124 2156 tame'n’
2164 2097 2246 2156 ait

263 2197 494 2256 ‘afferte
541 2194 687 2254 mihi
727 2195 1171 2255 eucharistiam.'
1253 2213 1372 2271 qua
1413 2205 1660 2271 accepta
1700 2193 1760 2253 in
1794 2213 1975 2253 manu
2013 2192 2251 2252 interro·

262 2290 438 2367 gauit‚
476 2289 524 2350 si
560 2309 769 2351 omnes
800 2290 1100 2365 placidum
1135 2308 1270 2365 erga
1309 2308 1371 2349 se
1413 2288 1677 2348 animum
1728 2298 1786 2349 et
1834 2287 1961 2348 sine
2010 2288 2248 2364 querela

262 2387 697 2448 controuersiae
739 2405 810 2445 ac
856 2385 1114 2444 rancoris
1161 2385 1469 2446 haberent.
1548 2386 1990 2461 respondebant
2039 2403 2245 2445 omnes

259 2483 717 2559 placidissimam
746 2502 808 2541 se
835 2490 1099 2541 mentem
1127 2483 1205 2541 ad
1233 2482 1399 2552 illum
1427 2492 1487 2542 et
1525 2482 1602 2540 ab
1639 2479 1803 2540 omni
1839 2479 1923 2539 ira
1960 2490 2243 2540 remotam
2275 2491 2342 2550 25

261 2574 496 2653 habere,
555 2597 810 2655 eumque
863 2576 1125 2637 uicissim
1178 2580 1466 2653 rogabant
1529 2576 1827 2654 placidam
1888 2595 2027 2651 erga
2085 2574 2245 2651 ipsos

258 2692 519 2740 mentem
555 2681 791 2739 habere.
876 2676 979 2753 qui
1028 2675 1340 2736 confestim
1383 2674 1725 2751 respondit:
1769 2672 2093 2749 ‘placidam
2136 2691 2246 2748 ego

260 2787 538 2848 mentem,
584 2774 765 2848 filioli,
807 2792 945 2849 erga
981 2792 1188 2832 omnes
1232 2771 1329 2833 dei
1376 2772 1627 2831 famulos
1673 2769 1849 2846 gero.’
1932 2767 2133 2843 sicque
2182 2786 2246 2827 se

259 2873 496 2933 caelesti
544 2872 817 2932 muniens
854 2871 1075 2931 uiatico
1114 2870 1273 2930 uitae
1314 2867 1547 2928 alterius
1585 2867 1848 2943 ingressu
1900 2863 2145 2940 parauit,
2187 2876 2246 2925 et

259 2968 656 3044 interrogauit,
687 2989 865 3044 quam
893 2987 1078 3044 prope
1107 2977 1259 3027 esset
1288 2967 1433 3025 hora
1460 2984 1578 3040 qua
1604 2965 1803 3023 fratres
1841 2963 1920 3021 ad
1961 2961 2245 3021 dicendas
2272 2980 2347 3035 30

262 3063 508 3123 domino
537 3066 742 3124 laudes
769 3075 1089 3124 nocturnas
1118 3062 1358 3123 excitari
1401 3063 1699 3122 deberent.
1785 3059 2241 3135 respondebant,

264 3164 280 3195 ‘
303 3178 423 3220 non
459 3161 636 3236 longe
675 3162 798 3245 est!
883 3172 945 3221 at
979 3161 1111 3221 illex
1158 3163 1359 3234 ‘bene,
1406 3178 1545 3236 ergo
1589 3168 2001 3235 exspectemus
2038 3157 2245 3217 horam

1062 3273 1095 3310 ·⁸
1117 3282 1292 3339 prestes
1323 3290 1411 3325 ms.
