2567 3750
280 211 378 293 23]
490 281 497 289 ,
556 226 1026 277 MONASTERY
1055 226 1290 276 BUJLT
1326 225 1452 281 ΒΥ,
1470 225 1746 276 BJSHOP
1788 227 2029 292 που,
2177 211 2253 285 63

1150 560 1376 618 XXIII

376 717 710 778 OLEBAT
745 728 942 776 autem
984 716 1142 797 idem
1180 715 1270 775 uir
1305 714 1544 787 domini,
1576 735 1710 775 curn
1737 717 1897 793 apud
1926 711 2253 778 Orientales

412 814 675 872 Saxones
728 812 1097 888 episcopatus
1144 812 1340 872 officio
1386 813 1735 889 fungeretur,
1792 812 2022 889 saepius
2075 812 2252 873 etiam

276 924 454 981 suam,
512 908 577 969 id
629 888 720 968 est
773 911 831 966 N
836 908 1417 984 ordanhymbrorum,
1488 907 1851 984 prouinciam
1907 908 2254 973 exhortandi

216 1022 246 1081 5
273 1003 453 1080 gratia
494 1002 782 1063 reuisere:
836 1023 1013 1080 quem
1061 1022 1198 1062 cum
1244 1003 1548 1072 Oidiluald
1594 1004 1746 1063 filius
1791 1003 2041 1065 Osualdi
2081 1004 2248 1081 regiS‚

273 1098 373 1174 qui
413 1098 477 1157 in
519 1102 814 1159 Derorum
852 1099 1111 1176 partibus
1153 1117 1400 1175 regnum
1439 1099 1710 1170 habebat,
1755 1098 1945 1157 uirum
1983 1109 2250 1158 sanctum

272 1204 330 1253 et
373 1194 699 1270 sapientem
744 1196 1112 1270 probumque
1161 1193 1422 1253 moribus
1458 1193 1699 1266 uideret,
1743 1193 2065 1268 postulauit
2111 1211 2248 1253 eum

270 1290 705 1365 possessionem
743 1302 924 1350 terrae
965 1290 1220 1366 aliquam
1246 1310 1283 1349 a
1310 1309 1373 1349 se
1410 1291 1488 1349 ad
1523 1290 1982 1349 construendum
2020 1307 2249 1348 monas·

272 1386 482 1445 terium
516 1386 799 1462 accipere,
830 1385 890 1445 in
917 1405 1039 1462 quo
1074 1385 1198 1462 ipse
1233 1406 1337 1445 rex
1363 1396 1422 1444 et
1447 1385 1805 1462 frequentius
1832 1386 1910 1444 ad
1938 1385 2252 1461 deprecan-

182 1510 247 1549 10
272 1484 415 1542 dum
458 1484 765 1544 dominum
800 1485 1163 1561 uerbumque
1203 1485 1562 1544 audiendum
1604 1484 1880 1543 aduenire
1916 1493 1978 1544 et
2014 1485 2250 1543 defunc·

275 1591 364 1638 tus
394 1579 626 1655 sepeliri
662 1581 915 1640 deberet.
1000 1600 1139 1639 nam
1166 1591 1225 1640 et
1252 1581 1509 1656 seipsum
1546 1580 1793 1641 fideliter
1825 1579 2073 1640 credidit
2106 1582 2252 1639 mul·

272 1686 398 1735 tum
446 1676 634 1736 iuuari
674 1696 878 1736 eorum
918 1676 1276 1737 orationibus
1331 1676 1660 1750 cotidianis,
1715 1675 1818 1752 qui
1870 1676 1971 1737 illo
2012 1676 2072 1736 in
2114 1679 2250 1737 loco

273 1773 519 1833 domino
546 1773 842 1833 seruirent.
925 1774 1207 1834 habuerat
1241 1784 1442 1834 autem
1478 1772 1636 1834 idem
1665 1793 1765 1832 rex
1792 1793 1993 1833 secum
2019 1775 2250 1832 fratrem

272 1890 614 1947 germanum
653 1856 917 1932 eiusdem
958 1870 1222 1947 episcopi
1259 1870 1553 1931 uocabulo
1592 1869 1798 1931 Caelin
1834 1869 2024 1930 uirum
2060 1888 2248 1945 aeque

186 1994 244 2054 15
275 1970 387 2028 deo
424 1970 728 2042 deuotum,
767 1969 870 2044 qui
904 1967 1017 2044 ipsi
1057 1987 1127 2027 ac
1165 1968 1418 2028 familiae
1456 1967 1637 2044 ipsius
1677 1968 1921 2027 uerbum
1963 1977 2022 2026 et
2065 1985 2250 2026 sacra-

274 2075 471 2124 menta
512 2064 668 2137 fidei,
714 2075 835 2124 erat
888 2064 1046 2123 enim
1099 2064 1414 2140 presbyter,
1473 2063 1793 2123 ministrare
1847 2064 2090 2137 solebat,
2144 2082 2250 2138 per

273 2159 438 2218 cuius
480 2158 751 2220 notitiam
786 2158 1040 2219 maxime
1082 2160 1159 2218 ad
1198 2160 1562 2237 diligendum
1604 2163 2089 2237 noscendumque
2132 2160 2250 2236 epi·

274 2277 520 2333 scopum
566 2257 854 2334 peruenit.
933 2258 1137 2316 fauens
1184 2275 1324 2333 ergo
1371 2256 1526 2318 uotis
1578 2257 1728 2334 regis
1781 2257 2020 2318 antistes
2075 2257 2249 2332 elegit

275 2353 383 2413 sibi
428 2354 628 2413 locum
675 2352 1011 2413 monasterii
1054 2352 1431 2412 construendi
1477 2352 1538 2411 in
1584 2354 1885 2414 montibus
1937 2352 2131 2412 arduis
2177 2373 2249 2412 ac

184 2479 249 2515 20
272 2451 527 2524 remotiS,
557 2449 617 2508 in
646 2450 859 2526 quibus
892 2452 1185 2510 latronum
1222 2449 1407 2525 magis
1434 2450 1674 2509 latibula
1699 2469 1768 2508 ac
1797 2451 1974 2508 lustra
1999 2451 2247 2508 ferarum

275 2565 449 2622 quam
477 2545 812 2605 habitacula
847 2546 1024 2605 fuisse
1057 2545 1406 2605 uidebantur
1441 2545 1783 2605 hominum:
1824 2554 1891 2602 ut
1926 2543 2085 2603 iuxta
2120 2562 2250 2619 pro·

272 2643 532 2719 phetiam
557 2642 744 2703 Isaiae
770 2643 856 2701 ‘in
877 2642 1183 2715 cubilibuS‚
1207 2642 1269 2701 in
1297 2642 1510 2717 quibus
1530 2641 1688 2718 prius
1717 2643 2000 2701 dracones
2026 2640 2247 2700 habita·

274 2740 431 2811 bant,
459 2737 704 2797 oriretur
737 2737 894 2796 uiror
930 2737 1138 2798 calami
1166 2748 1225 2797 et
1252 2737 1446 2811 iunci,'
1485 2737 1545 2796 id
1574 2747 1664 2797 est
1698 2738 1918 2795 fructus
1955 2736 2246 2795 bonorum

273 2852 515 2909 operum
544 2832 628 2891 ibi
654 2844 1039 2904 nascerentur,
1070 2832 1171 2891 ubi
1197 2832 1355 2908 prius
1381 2834 1479 2892 uel
1507 2832 1725 2892 bestiae
1762 2829 2111 2890 commorari
2148 2832 2247 2889 uel

182 2954 208 2991 2
214 2953 242 3010 5
272 2928 542 2987 homines
568 2928 886 2987 bestialiter
910 2928 1108 2988 uiuere
1137 2937 1503 2987 consuerant.
2031 3003 2036 3006 .

389 3028 646 3090 Studens
686 3037 884 3084 autem
926 3026 1015 3083 uir
1057 3024 1283 3084 domini
1324 3035 1629 3100 acceptum
1671 3020 2006 3082 monasterii
2047 3022 2244 3081 locum

272 3122 460 3197 primo
495 3120 764 3198 precibus
800 3141 871 3179 ac
910 3120 1139 3180 ieiuniis
1174 3140 1211 3178 a
1246 3119 1488 3195 pristina
1522 3118 1870 3196 flagitiorum
1908 3117 2078 3177 sorde
2114 3135 2247 3192 pur-

272 3236 404 3291 gare
445 3228 505 3277 et
546 3217 631 3276 sic
671 3216 730 3274 in
773 3236 846 3276 eo
887 3216 1222 3275 monasterii
1262 3216 1644 3274 fundamenta
1682 3213 1887 3284 iacere,
1925 3209 2246 3287 postulauit
