2567 3750
310 234 392 286 44
625 231 720 279 PA
733 229 1014 279 ULJNUs.
1080 228 1379 279 JTHAMA
1388 228 1451 278 R.
1517 227 1711 277 KJNG
1756 226 1977 277 OSWY.
2034 296 2041 304 .
2168 206 2302 289 [111

1209 479 1411 537 XIIII

311 632 876 756 TRANSLATO
919 649 1058 707 ergo
1095 631 1172 690 ad
1215 629 1491 690 caelestia
1524 651 1706 708 regna
1740 634 2006 693 Osualdo
2045 635 2309 711 suscepit

488 730 652 806 regui
688 728 969 788 terrestris
1007 731 1210 789 sedem
1246 748 1355 805 pro
1393 748 1466 788 eo
1495 731 1670 789 frater
1695 730 1820 790 eius
1855 730 2044 791 Osuiu
2072 731 2310 794 iuuenis

311 847 427 885 xxx
479 826 705 886 circiter
749 846 1055 898 annorum,
1098 837 1158 886 et
1209 845 1317 902 per
1367 845 1557 885 annos
1611 827 1793 886 xxuiii
1846 828 2311 890 laboriosissime

312 921 516 994 tenuit,
572 922 928 998 inpugnatus
972 921 1252 982 uidelicet
1309 933 1369 981 et
1422 924 1499 981 ab
1555 941 1627 981 ea
1680 941 1834 999 quae
1887 924 2126 982 fratrem
2182 925 2309 984 eius

313 1016 612 1077 occiderat
651 1036 883 1094 pagana
920 1027 1096 1094 gente
1141 1016 1499 1076 Merciorum
1547 1029 1607 1077 et
1647 1036 1685 1075 a
1724 1017 1847 1077 filio
1900 1038 2144 1095 quoque
2199 1040 2310 1080 suo

312 1114 618 1174 Alchfrido
658 1134 896 1175 necnon
939 1127 998 1175 et
1041 1134 1078 1173 a
1120 1117 1356 1187 fratruo,
1404 1115 1468 1174 id
1514 1125 1605 1174 est
1648 1115 1834 1175 fratris
1883 1115 1974 1175 sui
2016 1115 2121 1192 qui
2168 1128 2313 1177 ante

315 1229 453 1269 eum
481 1196 746 1286 regnauit
772 1210 893 1270 filio
924 1210 1280 1271 Oidilualdo.

438 1305 620 1365 Cuius
657 1324 816 1364 anno
848 1307 1132 1379 secundo,
1170 1307 1288 1365 hoc
1330 1317 1418 1366 est
1454 1309 1531 1367 ab
1566 1305 1971 1366 incarnatione
2007 1306 2315 1366 dominica

316 1418 475 1477 anno
509 1400 742 1473 dcxliiii,
773 1399 1277 1461 reuerentissimus
1313 1413 1481 1477 pater
1520 1401 1797 1460 Paulinus
1843 1403 2147 1477 quondam
2186 1401 2314 1477 qui-

317 1486 456 1557 dem
502 1497 909 1568 EburacensiS‚
955 1499 1060 1556 sed
1114 1507 1257 1556 tunc
1307 1498 1621 1557 Hrofensis
1671 1497 1985 1574 episcopus
2029 1496 2311 1570 ciuitati5‚

317 1592 585 1652 transiuit
630 1594 708 1651 ad
749 1592 1055 1652 dominum
1110 1604 1277 1653 sexto
1319 1594 1525 1652 iduum
1571 1593 1922 1653 Octobrium
1965 1593 2079 1665 die,
2127 1593 2233 1669 qui
2274 1614 2317 1652 x

319 1702 379 1749 et
424 1689 551 1749 uiiii
596 1708 785 1749 annos
826 1708 1060 1748 menses
1115 1692 1266 1750 duos
1316 1689 1443 1749 dies
1490 1689 1588 1748 xxi
1636 1689 2046 1765 episcopatum
2100 1690 2311 1762 tenuit,

320 1789 700 1863 sepultusque
736 1797 825 1847 est
860 1785 921 1844 in
958 1785 1270 1846 secretario
1309 1786 1470 1846 beati
1513 1785 1769 1862 apostoli
1804 1785 2099 1858 Andreae,
2144 1788 2314 1862 quod

319 1904 421 1943 rex
457 1883 798 1943 Aedilberct
834 1902 872 1941 a
906 1883 1304 1942 fundamentis
1340 1882 1404 1941 in
1442 1884 1651 1941 eadem
1691 1883 1867 1942 Hrofi
1901 1882 2143 1941 ciuitate
2173 1902 2316 1941 con-

320 1979 542 2040 struxit.
625 1979 689 2038 in
726 1978 893 2038 cuius
929 1981 1127 2038 locum
1157 1980 1464 2039 Honorius
1501 1978 1975 2055 archiepiscopus
2016 1978 2317 2055 ordinauit

323 2078 584 2136 Ithamar
610 2075 923 2135 oriundum
960 2074 1204 2151 quidem
1241 2077 1320 2135 de
1344 2086 1524 2150 gente
1560 2075 2012 2136 Cantuariorum
2047 2077 2153 2134 sed
2191 2076 2320 2135 uita

322 2184 382 2231 et
410 2170 739 2230 eruditione
771 2171 1238 2229 antecessoribus
1267 2169 1387 2229 suis
1415 2171 1809 2246 aequandum.

445 2267 677 2326 Habuit
703 2278 903 2326 autem
934 2267 1123 2327 Osuiu
1151 2266 1353 2343 primis
1379 2266 1543 2342 regni
1564 2266 1654 2325 sui
1683 2266 2049 2342 temporibus
2078 2286 2320 2326 consor-

322 2374 444 2422 tem
464 2362 658 2439 regiae
679 2361 977 2439 dignitatis
997 2364 1295 2422 uocabulo
1318 2361 1529 2423 Osuini
1558 2364 1634 2421 de
1656 2362 1832 2437 stirpe
1859 2361 2012 2437 regis
2033 2360 2316 2434 Aeduini‚

322 2462 440 2520 hoc
468 2471 556 2520 est
582 2458 767 2518 filium
796 2458 988 2520 Osrici
1015 2460 1092 2518 de
1119 2478 1240 2535 quo
1274 2478 1452 2535 supra
1478 2458 1823 2529 rettulimuS‚
1844 2458 2037 2516 uirum
2065 2457 2319 2517 eximiae

324 2556 557 2633 pietatis
594 2566 655 2615 et
694 2555 1005 2631 religioniS,
1042 2556 1142 2632 qui
1170 2555 1509 2631 prouinciae
1545 2558 1838 2614 Derorum
1883 2566 2110 2631 septem
2145 2557 2320 2616 annis

324 2653 387 2711 in
425 2651 681 2710 maxima
708 2651 973 2710 omnium
1011 2671 1202 2711 rerum
1239 2652 1539 2711 affluentia
1575 2662 1634 2711 et
1665 2651 1793 2727 ipse
1824 2651 2093 2711 amabilis
2131 2654 2323 2713 omni-

325 2749 438 2806 bus
474 2746 739 2821 praefuit.
831 2748 938 2805 sed
975 2766 1089 2806 nec
1125 2766 1261 2820 cum
1299 2766 1372 2806 eo
1400 2747 1498 2806 ille
1527 2745 1628 2823 qui
1665 2757 1922 2806 ceteram
1949 2749 2322 2807 Transhum-

325 2845 545 2901 branae
582 2840 772 2918 gentis
807 2852 1035 2917 partem
1072 2843 1149 2900 ab
1187 2841 1481 2917 aquilone,
1520 2841 1582 2900 id
1620 2854 1709 2900 est
1747 2840 2150 2900 Berniciorum
2187 2862 2323 2919 pro-

327 2937 601 3010 uinciam,
632 2940 872 3014 regebat
899 2939 1119 2998 habere
1145 2957 1356 3014 pacem
1387 2939 1616 3014 potuit3
1657 2937 1801 3014 quin
1828 2938 2025 3014 potius
2054 2937 2325 3014 ingraue-

328 3031 626 3093 scentibus
664 3033 854 3092 causis
895 3033 1327 3093 dissensionum
1371 3031 1697 3093 miserrima
1739 3033 1897 3092 hunc
1933 3033 2119 3092 caede
2155 3051 2324 3110 pere·

328 3132 452 3192 mit.
546 3130 837 3205 siquidem
878 3141 1236 3207 congregato
1292 3141 1497 3189 contra
1548 3129 1806 3189 inuicem
1863 3129 2122 3189 exercitu
2178 3149 2323 3190 cum

328 3227 555 3286 uideret
597 3245 660 3285 se
706 3226 916 3286 Osuini
970 3247 1106 3285 cum
1155 3226 1257 3285 illo
1299 3224 1402 3301 qui
1447 3228 1643 3301 plures
1684 3226 1943 3285 habebat
1986 3224 2323 3287 auxiliarios

2346 1425 2417 1464 10

2347 1903 2415 1962 15

2348 2382 2425 2421 20

330 3342 455 3383 non
497 3340 672 3397 posse
719 3323 877 3380 bello
931 3321 1261 3398 confligere,
1304 3332 1465 3381 ratus
1506 3331 1595 3380 est
1636 3320 1833 3379 utilius
1874 3331 2019 3379 tunc
2059 3322 2325 3384 demissa
2351 3337 2434 3394 30

523 3432 568 3465 ¹⁶
599 3434 1032 3496 ingranno-entibus
1051 3451 1144 3483 ms.
1507 3459 1517 3466 »
1583 3431 1625 3466 ²⁷
1658 3434 2005 3483 dzlrsmtionum
2024 3449 2116 3485 ms,
