2567 3750
1455 14 1478 45 ὁ

254 214 287 270 3
300 215 333 255 2
468 246 473 254 .
588 210 689 258 LE
696 210 1078 261 UTHERIUS
1122 209 1521 259 ORDAJNED
1562 200 1848 259 BJSJJOP.
2107 193 2237 276 [ΙΙΙ

251 341 492 402 tribuit:
535 344 696 402 unde
737 343 997 401 offensus
1032 341 1290 418 grauiter
1322 341 1716 418 AgilberctuS,
1756 336 1920 418 quod
1955 345 2074 403 hoc
2106 342 2239 420 ipso

251 441 586 500 inconsulto
622 451 821 515 ageret
855 459 973 512 rex,
1011 438 1188 498 rediit
1225 439 1481 498 Galliam
1516 449 1579 498 et
1612 449 1861 515 accepto
1897 437 2241 516 episcopatu

252 535 580 594 Parisiacae
624 533 876 593 ciuitatis
922 533 1147 593 ibidem
1191 553 1375 594 senex
1421 554 1493 594 ac
1535 535 1746 610 plenus
1794 533 2023 593 dierum
2072 534 2235 594 obiit.

210 696 213 705 ἱ
249 649 373 690 non
417 629 618 690 multis
660 641 860 689 autem
906 630 1079 689 annis
1122 642 1259 706 post
1302 633 1648 690 abscessum
1697 629 1823 690 eius
1870 650 1908 690 a
1952 630 2241 691 Brittania

250 725 558 785 transactis
602 726 807 802 pulsus
850 737 910 786 et
952 726 1094 785 Vini
1148 728 1226 785 ab
1275 727 1493 786 eodem
1540 743 1677 801 rege
1726 727 1804 785 de
1856 725 2238 801 episcopatu3

251 819 352 898 qui
387 821 671 880 secedens
703 822 780 880 ad
816 840 1015 897 regem
1059 821 1422 881 Merciorum
1455 821 1754 881 uocabulo
1780 819 2053 880 Vulfheri
2097 820 2241 880 emit

247 916 439 993 pretio
492 917 570 975 ab
626 935 699 975 eo
749 917 953 975 sedem
1010 916 1363 976 Lundoniae
1418 915 1672 976 ciuitatis
1717 917 1962 992 eiusque
2015 915 2241 991 episco-

248 1033 359 1090 pus
386 1031 575 1088 usque
604 1014 681 1072 ad
709 1013 868 1071 uitae
897 1031 1038 1071 suae
1075 1013 1391 1072 terminum
1427 1010 1661 1084 mansit,
1698 1012 1899 1087 sicque
1933 1010 2242 1089 prouincia

251 1109 726 1170 Occidentalium
765 1111 1060 1169 Saxonum
1103 1119 1371 1185 tempore
1410 1129 1535 1169 non
1573 1128 1767 1186 pauco
1806 1112 2032 1185 absque
2073 1129 2240 1186 prae-

250 1207 376 1264 sule
403 1206 525 1265 fuit.
1727 1276 1732 1281 .

371 1304 508 1376 Quo
530 1301 706 1360 etiam
724 1312 992 1377 tempore
1010 1321 1113 1361 rex
1131 1303 1426 1378 praefatus
1454 1301 1639 1377 ipsius
1666 1301 1858 1378 gentis
1877 1301 2238 1378 grauissimis

247 1397 412 1472 regni
461 1396 548 1455 sui
597 1396 829 1456 damnis
873 1397 1214 1472 saepissime
1255 1399 1332 1456 ab
1372 1397 1640 1456 hostibus
1682 1397 1951 1455 adflictus
1992 1397 2235 1456 tandem

247 1491 327 1549 ad
370 1492 714 1552 memoriam
761 1492 1009 1563 reduxit,
1059 1493 1223 1568 quod
1277 1511 1416 1551 eum
1470 1493 1700 1567 pridem
1753 1491 1999 1568 perfidia
2051 1511 2236 1567 regno

247 1590 479 1666 pulerit,
536 1592 683 1651 fides
738 1592 937 1669 agnita
994 1592 1210 1654 Christi
1273 1593 1337 1652 in
1400 1612 1645 1668 regnum
1708 1591 2091 1666 reuocauerit,
2149 1592 2237 1650 in-

248 1687 587 1763 tellexitque
631 1691 795 1765 quod
843 1690 1022 1749 etiam
1066 1703 1208 1750 tunc
1262 1690 1544 1750 destituta
1595 1689 1877 1765 pontifice
1929 1688 2238 1766 prouincia

247 1796 405 1843 recte
447 1785 662 1861 pariter
703 1786 910 1846 diuino
951 1787 1125 1846 fuerit
1172 1785 1453 1845 destituta
1495 1784 1805 1861 praesidio.
1891 1785 2050 1844 misit
2093 1804 2236 1860 ergo

248 1869 557 1959 legatarios
586 1882 648 1941 in
681 1883 933 1943 Galliam
971 1885 1049 1944 ad
1084 1883 1490 1961 Agilberctum
1530 1882 1842 1943 summissa
1872 1883 2037 1942 illum
2072 1883 2238 1943 satis-

247 1979 505 2040 factione
543 1980 866 2057 deprecans
903 1980 981 2039 ad
1018 1980 1425 2056 episcopatum
1470 2000 1610 2040 suae
1653 1981 1845 2056 gentis
1881 1981 2084 2042 redire.
2169 1995 2238 2042 at

247 2076 346 2134 ille
411 2094 475 2134 se
534 2095 822 2135 excusans
886 2087 948 2135 et
1008 2075 1212 2135 uenire
1275 2095 1401 2135 non
1466 2095 1641 2153 posse
1696 2087 2036 2136 contestans
2090 2075 2237 2151 quia

248 2170 591 2247 episcopatu
619 2171 888 2249 propriae
916 2172 1171 2231 ciuitatis
1199 2191 1271 2230 ac
1298 2172 1654 2248 parrochiae·
1675 2182 1970 2231 teneretur
1995 2171 2237 2231 adstric-

247 2280 356 2338 ωε,
403 2286 480 2327 ne
527 2279 744 2327 tamen·
772 2267 987 2327 obnixe
1035 2267 1264 2343 petenti
1319 2267 1401 2325 nil
1448 2269 1621 2326 ferret
1664 2266 1884 2339 auxilii,
1925 2265 2083 2325 misit
2121 2286 2237 2342 pro

247 2382 310 2421 se
354 2362 456 2422 illo
502 2366 908 2439 presbyterum
957 2362 1338 2423 Leutherium
1373 2373 1656 2438 nepotem
1701 2381 1889 2438 suum,
1938 2360 2039 2437 qui
2082 2360 2137 2419 ei
2181 2360 2237 2420 si

2271 1219 2356 1259 10

2271 2194 2366 2231 20

244 2464 426 2521 uellet
453 2461 819 2521 ordinaretur
845 2459 1194 2536 episcopus3
1235 2459 1439 2519 dicens
1468 2459 1633 2534 quod
1669 2458 1796 2534 ipse
1824 2477 1959 2517 eum
1987 2458 2239 2533 dignum
2305 2528 2316 2533 β

245 2575 374 2616 esse
423 2556 768 2633 episcopatu
815 2554 1112 2614 iudicaret.
1200 2573 1322 2630 quo
1369 2554 1691 2613 honorifice
1733 2572 1771 2612 a
1815 2556 2042 2630 populo
2088 2563 2149 2611 et
2197 2572 2242 2611 a

244 2670 383 2726 rege
411 2662 703 2727 susceptO,
730 2662 1084 2727 rogauerunt
1116 2651 1502 2709 Theodorum
1539 2660 1682 2708 tunc
1720 2648 2237 2723 archiepiscopum

248 2747 720 2807 Doruuernensis
766 2747 1048 2806 ecclesiae
1095 2745 1290 2822 ipsum
1335 2745 1445 2805 sibi
1487 2746 1808 2804 antistitem
1864 2746 2191 2804 consecrari
2219 2768 2239 2818 3

246 2841 348 2917 qui
395 2853 769 2903 consecratus
813 2843 875 2901 in
915 2842 1046 2918 ipsa
1085 2841 1325 2901 ciuitate
1365 2840 1564 2899 multis
1605 2841 1775 2898 annis
1824 2839 2243 2916 episcopatum

247 2938 631 2999 Geuissorum
661 2959 732 3000 ex
759 2938 1042 3016 synodica
1068 2938 1378 2999 sanctione
1405 2938 1564 2996 solus
1594 2937 1801 2996 sedulo
1827 2934 2247 2998 moderamine

244 3046 441 3112 gessit.

2273 2675 2365 2733 ²5
