2567 3750
281 203 400 256 400
935 203 1094 252 DEA
1107 202 1214 251 ΤΗ
1242 202 1339 251 OF
1358 202 1585 251 BEDA.
2053 184 2283 268 [ms-n-

379 328 421 377 P
443 327 551 387 1¹76
585 326 618 378 6
670 344 728 379 ac
769 333 1000 396 mag-istm
1073 347 1132 381 ac
1179 339 1348 382 nostro
1380 334 1613 395 magistro
1649 333 1715 382 07
1739 332 1803 383 07
1839 338 1977 397 patre
2013 340 2182 383 nostro
2216 350 2283 384 ac

282 409 516 473 magistro
533 411 617 460 07.

411 527 447 551 ,,
521 505 549 555 7
583 477 741 556 magis
773 509 856 543 om
879 494 960 544 07.

410 609 448 632 ,,
518 576 548 623 8
580 576 986 639 quam...ingenio
1038 582 1276 639 quantum
1298 575 1432 624 fruor
1452 575 1651 639 ingenio
1674 576 1740 626 07
1766 576 1832 626 07
1859 577 1943 626 07.

413 685 449 710 2,
519 665 550 715 9
582 668 615 700 a
648 668 678 702 e
699 653 762 702 07
787 653 853 704 07
877 654 954 703 07.
1026 656 1309 703 desiderasse
1337 655 1611 705 desiderare
1636 656 1717 705 07.
1811 636 1829 662 ⁴
2354 674 2389 732 5

413 767 449 790 „
525 747 585 782 10
603 734 864 796 poposcisse
923 750 1191 798 poposcere
1216 735 1279 784 07
1344 750 1547 798 poscere
1570 735 1648 784 07.

413 846 427 870 ,
519 847 554 870 ,,
627 812 1126 875 infirmitate...dolore
1186 813 1469 864 infirmitate
1502 815 1731 874 maxima,
1775 814 2055 865 creberrimi
2089 816 2284 866 haneli-

286 899 364 939 tus
386 892 490 939 sine
512 892 683 941 dolore
704 900 870 942 tamen
894 893 959 942 07
982 893 1047 942 07
1070 893 1153 942 07.

415 1007 452 1030 ,,
527 987 583 1021 12
650 981 808 1023 autem
865 991 947 1024 om
974 975 1036 1024 07
1062 975 1127 1024 07
1150 975 1230 1025 07.

441 1088 455 1111 ,
528 1089 563 1112 ,,
634 1054 693 1102 id
707 1061 775 1102 est
804 1071 886 1105 om
911 1055 992 1104 07.
2320 1072 2391 1109 10

416 1170 451 1193 „
528 1150 586 1195 14
650 1136 791 1183 omni
819 1137 1051 1201 omnique
1074 1137 1154 1187 C⁷.

416 1251 453 1273 ‚‚
529 1227 585 1274 15
651 1226 734 1264 v11
757 1216 816 1263 id
831 1222 942 1265 maz‘
996 1217 1064 1265 vii
1087 1217 1172 1266 kal
1194 1217 1315 1267 iunii
1339 1218 1407 1268 07
1431 1218 1496 1267 07
1560 1219 1773 1284 septimo
1796 1219 1865 1269 kl.
1895 1220 2016 1269 iunii
2039 1220 2125 1271 07.

418 1330 453 1353 ,,
531 1292 590 1343 16
651 1301 695 1343 et
725 1302 836 1358 post
858 1311 979 1359 quas
1003 1296 1081 1346 07.

418 1409 453 1431 ,,
531 1386 587 1435 17
638 1374 753 1437 suit
783 1384 886 1424 erat
909 1375 974 1424 07
999 1376 1063 1425 07
1087 1376 1167 1425 07.

538 1490 573 1514 ,,
635 1456 943 1519 psalmorum
964 1463 1114 1506 cantu
1145 1456 1423 1522 psalmodia.
1448 1458 1525 1509 07.
2321 1472 2388 1530 15

419 1574 454 1597 ,‚
540 1572 575 1596 „
634 1545 794 1602 prout
799 1539 965 1602 potuit
981 1555 1029 1587 se
1059 1555 1142 1588 om
1167 1540 1229 1589 07
1255 1540 1320 1589 07
1346 1540 1424 1589 07.

420 1652 456 1674 ,,
532 1618 588 1664 18
653 1617 775 1665 letus
794 1618 851 1666 in
871 1618 1173 1666 oracionibus
1223 1617 1277 1666 in
1298 1618 1456 1667 letitia
1478 1619 1543 1669 07
1570 1620 1634 1669 07
1658 1619 1736 1669 07.

418 1732 453 1755 ,,
531 1711 590 1758 ¹9
652 1698 732 1745 deo
752 1699 918 1746 ducere
933 1700 1149 1747 studebat
1177 1701 1385 1764 peruigil
1406 1701 1617 1750 ducebat
1640 1701 1704 1751 07
1728 1701 1795 1751 07
1819 1701 1900 1750 C⁷.

420 1813 456 1835 ,‚
528 1793 717 1839 20—24
769 1780 1004 1843 itemque..
1014 1780 1205 1843 ‚referre
1297 1781 1534 1844 euigilans
1592 1789 1756 1831 autem
1817 1782 1984 1831 statim
2046 1789 2285 1831 consueta

293 1858 508 1922 [incepta
532 1858 573 1908 C
580 1859 617 1920 ¹]
641 1861 868 1925 repetiuit
889 1869 939 1912 et
960 1863 1186 1929 expansis
1217 1864 1445 1914 manibus
1472 1864 1568 1917 deo
1598 1865 1789 1929 gracias
1820 1881 1967 1930 agere
2005 1880 2107 1914 nou
2133 1844 2284 1915 ‘desiit
2319 1880 2396 1918 20

295 1938 523 1999 [cessauit
548 1939 634 2001 07]
660 1941 722 1990 07
747 1942 814 1991 07
835 1942 916 1991 07.

421 2063 458 2085 ,,
537 2040 596 2086 25
661 2029 821 2072 autem
847 2040 929 2072 om
954 2025 1019 2074 07
1045 2025 1109 2074 07
1132 2026 1213 2075 07.

540 2144 576 2168 ,,
645 2109 804 2156 sancti
864 2109 997 2157 beati
1022 2109 1085 2158 07
1110 2109 1177 2158 07
1202 2109 1280 2159 07.

540 2225 575 2249 ,,
645 2190 845 2238 dicentis
907 2205 990 2237 om
1015 2189 1077 2238 07
1103 2190 1270 2239 0707.

390 2271 637 2336 Compare
664 2270 749 2321 the
777 2270 872 2318 last
903 2268 1052 2318 hours
1082 2269 1139 2317 of
1162 2269 1317 2318 Boisil
1350 2270 1472 2330 (uita
1504 2270 1671 2319 Cuthb
1704 2272 1784 2329 8).
1825 2270 2068 2320 Cuthbert
2098 2272 2289 2335 having
2322 2284 2395 2341 25

294 2352 553 2402 recovered
575 2352 701 2400 from
723 2349 808 2399 the
834 2348 1028 2413 plague,
1058 2348 1213 2399 Boisil
1243 2350 1441 2399 assured
1470 2349 1574 2398 him
1604 2350 1711 2399 that
1740 2350 1803 2399 he
1825 2350 1991 2399 would
2019 2357 2109 2398 not
2139 2351 2291 2413 again

294 2434 358 2481 be
386 2432 552 2482 struck
580 2432 648 2495 by
675 2431 742 2481 it:
777 2432 1037 2494 ‘simulque
1061 2447 1224 2480 moneo
1250 2437 1321 2490 ut,
1348 2432 1464 2492 quia
1493 2447 1568 2479 me
1593 2447 1724 2479 mors
1749 2431 1917 2479 uicina
1936 2431 2283 2494 praestolatur,

296 2512 522 2562 discere
555 2528 585 2560 a
617 2527 703 2561 me
738 2510 967 2574 aliquid
1005 2511 1289 2574 quamdiu
1332 2511 1545 2559 docere
1587 2512 1818 2560 ualeam
1860 2525 1979 2560 non
2021 2509 2284 2560 omittas.

295 2610 394 2642 non
427 2593 553 2641 enim
577 2592 699 2656 plus
728 2607 876 2655 quam
912 2599 1080 2655 septem
1116 2592 1214 2639 dies
1248 2596 1379 2650 sunt,
1419 2592 1631 2654 quibus
1666 2591 1811 2639 mihi
1847 2591 1920 2640 ad
1956 2590 2289 2640 docendum

295 2675 519 2724 sanitas
563 2673 832 2737 corporis
875 2680 932 2722 et
975 2672 1214 2736 linguae
1259 2679 1535 2736 suppetat
1578 2671 1805 2721 uirtus!
1868 2671 2110 2735 respondit
2156 2672 2290 2721 Cud·
2318 2690 2404 2746 30

294 2756 476 2803 berctus
511 2754 646 2802 nihil
671 2754 913 2802 haesitans
941 2753 1001 2801 de
1027 2751 1229 2801 um'tate
1258 2753 1495 2800 dictorum
1527 2752 1687 2800 illius:
1738 2753 1805 2800 ‘et
1831 2752 1963 2814 qued,
2001 2767 2127 2814 rogo,
2166 2752 2292 2815 opti-

296 2850 433 2883 mum
466 2835 594 2883 mihi
619 2840 687 2883 est
713 2835 871 2897 legere,
893 2834 1025 2898 quod
1048 2840 1210 2883 tamen
1241 2849 1347 2882 una
1378 2834 1570 2881 ualeam
1600 2848 1935 2882 consummare
1962 2834 2231 2896 septimana
2242 2833 2290 2882 θ’

295 2921 351 2963 at
385 2915 467 2964 ille
503 2914 892 2964 ‘Iohannem’
929 2916 1096 2979 inquit
1131 2915 1611 2977 ‘euangelistam.
1675 2921 1743 2966 est
1779 2921 1941 2963 autem
1983 2914 2115 2962 mihi
2145 2915 2294 2964 coda·

295 2994 473 3043 habens
487 2996 821 3060 quaterniones
833 3001 1016 3059 septem,
1033 3012 1156 3059 quas
1174 2995 1385 3059 singulis
1404 2994 1566 3044 diebus
1584 2994 1806 3058 singulas
1816 3001 2076 3058 possumus
2093 2994 2294 3045 domino

294 3077 565 3125 adiuuante
591 3076 781 3140 legendo
809 3082 855 3124 et
881 3083 1124 3139 quantum
1154 3082 1274 3138 opus
1302 3081 1371 3124 est
1399 3075 1530 3124 inter
1558 3091 1647 3124 nos
1673 3077 1952 3139 conferendo
1969 3077 2292 3140 percurrere)
2318 3088 2357 3143 3
2367 3085 2403 3144 5

283 3156 480 3219 sactum
500 3162 569 3205 est
586 3162 644 3204 ut
667 3157 874 3206 dixerat.
937 3173 1089 3221 quam
1121 3157 1222 3205 ideo
1251 3157 1493 3206 lectionem
1524 3162 1627 3206 tam
1657 3156 1879 3206 citissime
1904 3157 2131 3220 complere
2159 3158 2293 3206 uale-

298 3235 429 3294 bant,
468 3237 587 3299 quia
615 3238 767 3286 solam
798 3238 856 3286 in
893 3254 948 3286 ea
968 3238 1097 3301 fidei
1128 3253 1253 3300 quae
1273 3244 1372 3302 per
1397 3238 1688 3286 dilectionem
1719 3245 1959 3301 operatur,
1996 3253 2097 3286 non
2126 3245 2293 3287 autem

298 3316 626 3377 quaestionum
655 3316 910 3379 profunda
952 3318 1242 3367 tractabant.
1317 3318 1387 3368 So
1432 3317 1636 3367 Charles
1678 3317 1764 3367 the
1808 3318 1963 3367 Great
2005 3317 2293 3381 (Theganus

300 3393 405 3442 uita
434 3395 676 3445 Ludouici
708 3396 762 3444 in
793 3397 966 3460 Migne
998 3409 1091 3446 CVI
1125 3403 1242 3460 409·
1273 3398 1411 3460 4¹0⁸)
1445 3404 1592 3462 spent
1622 3399 1708 3448 the
1738 3398 1834 3448 last
1864 3414 1983 3463 year
2010 3397 2071 3448 of
2092 3398 2172 3448 his
2202 3397 2293 3448 lise

302 3474 353 3518 in
383 3488 558 3536 prayer
586 3475 686 3524 and
717 3476 1011 3541 almsgiving
1041 3478 1140 3527 and
1172 3478 1225 3527 in
1257 3478 1344 3528 the
1375 3477 1643 3529 correction
1675 3478 1734 3527 of
1765 3479 1938 3539 books,
1976 3492 2030 3527 as
2061 3477 2146 3526 the
2176 3476 2292 3527 four
2317 3483 2405 3534 40
