2567 3750
241 26 355 70 ποι
518 18 993 73 ARCHBJSHOP
1031 22 1291 72 THEOD
1298 22 1440 70 ORE
1480 20 1923 70 PRESJDENJ:
2090 1 2205 84 [IV

232 158 480 236 Vynfrid
508 157 816 234 episcopus
842 156 1181 235 prouinciae
1209 155 1579 214 Merciorum.
1650 172 1905 229 cumque
1932 151 1993 211 in
2020 172 2204 211 unum

231 255 651 316 conuenientes
705 254 862 314 iuxta
914 254 1180 314 ordinem
1248 251 1467 327 quique
1532 271 1703 310 suum
1768 251 2202 327 resedissemuS,

234 356 276 385 “f
288 336 431 426 rogo
449 351 478 379 ''
526 348 783 425 inquam,
836 353 873 382 ‘⁶
890 347 1247 408 dilectissimi
1294 350 1513 420 fratreS,
1557 358 1795 423 propter
1833 347 2102 406 timorem
2146 357 2206 407 et

230 464 492 505 amorem
518 441 861 503 redemtoris
886 442 1086 516 nostri,
1114 456 1178 503 ut
1205 443 1268 501 in
1294 462 1607 503 commune
1637 462 1842 502 omnes
1874 462 1980 518 pro
2008 453 2205 502 nostra

228 541 349 599 fide
375 550 706 612 tractemus,
732 548 813 612 ut,
843 557 1113 614 quaeque
1141 540 1378 598 decreta
1402 557 1474 597 ac
1500 537 1738 597 definita
1764 548 1900 597 sunt
1926 558 1963 596 a
1990 536 2203 597 sanctis
2271 554 2304 613 5

233 646 292 694 et
333 634 732 718 probabilibus
774 635 1052 712 patribuS,
1092 634 1421 711 incorrupte
1458 638 1533 696 ab
1575 630 1845 697 omnibus
1882 636 2056 696 nobis
2094 656 2204 697 ser-

231 733 492 791 uentur.”
571 731 720 790 haec
761 741 821 791 et
863 730 977 790 alia
1017 735 1363 809 quamplura
1395 753 1547 809 quae
1583 734 1659 793 ad
1695 734 1993 794 caritatem
2035 733 2205 811 perti-

231 826 473 885 nebant‘
510 823 914 899 unitatemque
980 825 1262 885 ecclesiae
1329 827 1795 887 conseruandam
1862 841 2204 904 prosecutus
2537 892 2538 903 ¹

234 939 403 995 sum;
444 937 697 994 cumque
726 920 1050 995 explessem
1075 921 1593 996 praelocutionem,
1623 921 1973 998 interrogaui
2000 943 2205 982 unum·
2537 906 2538 973 l

233 1033 526 1091 quemque
580 1032 780 1072 eorum
839 1033 946 1090 per
1005 1016 1290 1087 ordinem,
1318 1043 1323 1049 ·
1352 1016 1401 1075 si
1469 1016 1864 1077 consentirent
1928 1036 1999 1076 ea
2052 1037 2203 1093 quae
2236 1032 2308 1071 10

231 1131 267 1170 a
303 1110 563 1188 patribus
599 1107 883 1169 canonice
924 1120 1058 1170 sunt
1101 1110 1419 1188 antiquitus
1464 1114 1699 1173 decreta
1732 1112 2040 1172 custodire.
2126 1114 2203 1172 ad
2537 1180 2538 1183 Ἴ

231 1208 396 1284 quod
450 1224 656 1265 omnes
703 1206 1146 1266 consacerdotes
1191 1207 1375 1266 nostri
1405 1209 1845 1284 ·respondentes
1900 1207 2204 1268 dixerunt:
2537 1204 2538 1225 ¹

233 1308 270 1335 “
287 1301 509 1378 optime
555 1300 830 1360 omnibus
883 1303 1095 1378 placet,
1150 1320 1418 1378 quaeque
1472 1303 1816 1362 definierunt
1870 1311 2204 1361 sanctorum

231 1415 487 1456 canones
514 1407 759 1472 patrum,
780 1415 891 1455 nos
912 1415 1147 1472 quoque
1175 1416 1380 1456 omnes
1406 1396 1580 1456 alacri
1606 1397 1804 1456 animo
1823 1395 2202 1457 libentissime

231 1493 511 1550 seruare.'’
593 1490 801 1566 quibus
845 1491 1040 1550 statim
1085 1490 1299 1567 protuli
1352 1492 1607 1552 eundem
1653 1493 1863 1551 librum
1906 1510 2200 1550 canonum
2236 1509 2258 1546 1
2271 1505 2304 1565 5

232 1601 290 1650 et
318 1607 390 1648 ex
417 1589 629 1648 eodem
655 1587 804 1648 libro
831 1607 870 1646 x
897 1587 1151 1664 capitula
1182 1606 1331 1663 quae
1367 1607 1474 1664 per
1507 1590 1639 1647 loca
1674 1598 2029 1658 notaueram‚
2064 1587 2203 1663 quia

230 1685 482 1745 maxime
533 1684 705 1744 nobis
751 1684 1079 1744 necessaria
1131 1683 1407 1757 sciebam,
1453 1682 1565 1744 illis
1618 1703 1815 1744 coram
1862 1684 2095 1745 ostendi
2142 1694 2203 1748 et

231 1793 296 1842 ut
322 1781 470 1841 haec
498 1779 830 1858 diligentius
856 1781 933 1840 ab
962 1779 1234 1841 omnibus
1260 1780 1688 1857 susciperentur
1712 1781 1949 1857 rogaui!

234 1973 250 2002 ‘
278 1969 687 2093 PRIMVM
731 1965 1085 2044 capitulum:
1153 1968 1290 2026 “Vt
1333 1975 1599 2026 sanctum
1644 1965 1801 2026 diem
1842 1968 2097 2044 paschae
2138 1963 2200 2027 in

429 2081 740 2123 commune
763 2080 968 2121 omnes
989 2080 1286 2122 seruemus
1310 2061 1605 2122 dominica
1625 2072 1758 2139 post
1785 2061 1975 2122 xiifim
2000 2065 2199 2123 lunam
2231 2082 2307 2119 20

232 2159 451 2220 mensis
477 2158 698 2236 primi.'’

353 2259 369 2289 ‘
386 2255 754 2316 Secundum:
819 2256 855 2287 “
870 2255 953 2314 Vt
1007 2255 1198 2313 nullus
1245 2254 1656 2331 episcoporum
1706 2252 2071 2330 parrochiam
2122 2257 2202 2314 al-

230 2353 407 2414 terius
444 2352 699 2425 inuadat,
737 2350 843 2411 sed
880 2360 1189 2412 contentus
1224 2350 1297 2410 sit
1333 2350 1756 2427 gubernatione
1797 2348 2055 2410 creditae
2089 2347 2201 2409 sibi

271 2450 467 2511 lehis.”

228 2472 270 2528 p
351 2552 368 2580 ‘
385 2544 684 2605 Tertium:
754 2547 789 2577 “
807 2546 904 2617 Vt,
967 2562 1235 2620 quaeque
1289 2541 1641 2602 monasteria
1693 2540 1809 2601 deo
1860 2525 2201 2601 consecrata
2230 2554 2302 2614 25

229 2653 382 2715 sunt,
429 2640 575 2701 nulli
617 2640 1024 2717 episcoporum
1066 2639 1239 2698 liceat
1281 2657 1354 2698 ea
1395 2637 1457 2696 in
1494 2637 1689 2714 aliquo
1724 2636 2047 2713 inquietare
2084 2654 2199 2695 nec

229 2738 542 2814 quicquam
569 2738 646 2797 de
673 2755 876 2796 eorum
902 2737 1075 2795 rebus
1103 2734 1391 2795 uiolenter
1415 2736 1797 2795 abstrahere.''

352 2837 366 2864 ‘
386 2834 709 2907 Quartum:
759 2833 885 2890 “Vt
921 2830 1032 2907 ipsi
1067 2830 1342 2890 monachi
1385 2850 1507 2889 non
1548 2829 1794 2907 migrent
1833 2829 1910 2889 de
1950 2829 2087 2889 loco
2123 2830 2200 2888 ad

227 2930 445 2998 locum,
498 2927 615 2985 hoc
669 2937 758 2987 est
810 2927 887 2987 de
938 2926 1294 2988 monasterio
1341 2929 1420 2987 ad
1464 2925 1895 2998 monasterium,
1940 2924 2053 2985 nisi
2096 2944 2202 3002 per

227 3020 628 3083 dimissionem
668 3020 887 3098 proprii
921 3022 1165 3092 abbatiS,
1200 3023 1306 3082 sed
1342 3022 1403 3081 in
1441 3042 1511 3081 ea
1546 3029 1928 3098 permaneant
1962 3019 2202 3082 oboedi-
2226 3047 2305 3103 30

229 3116 386 3177 entia
411 3133 589 3192 quam
616 3125 879 3191 tempore
907 3135 1047 3175 suae
1073 3116 1472 3176 conuersionis
1499 3114 1937 3192 promiserunt-’²

811 3222 853 3255 ³⁰
884 3226 1205 3277 demissionem
1227 3243 1337 3278 corr
1357 3226 1410 3277 in
1432 3228 1503 3277 di·
1527 3242 1615 3276 ms.
