2567 3750
620 58 692 114 70
1003 49 1322 103 COLMAN.
1403 48 1716 102 VJLFRID.
1778 49 1828 100 A
1838 46 2185 100 GILBERCJ

613 198 817 264 genter
844 183 1082 262 exsequi
1109 182 1350 244 curauit.
1432 184 1595 243 unde
1627 185 1704 242 ab
1737 182 2030 256 omnibuS,
2068 182 2184 244 etia

615 285 835 359 pascha
879 282 1046 343 aliter
1092 281 1440 354 sentiebant,
1490 280 1699 341 merito
1748 280 2111 357 diligebatur,
2161 301 2185 339 r

614 379 1006 461 mediocribus
1058 397 1263 437 uerum
1319 377 1394 436 ab
1448 375 1589 452 ipsis
1644 395 1884 452 quoque
1950 375 2185 452 episcop

531 541 537 546 ,
618 475 1067 538 Cantuariorum
1104 484 1161 533 et
1195 472 1392 533 Felice
1427 472 1816 534 Orientalium
1853 475 2185 550 Anglorum,

614 571 849 631 habitus
877 580 984 631 est.

737 667 1038 726 Defuncto
1065 674 1262 724 autem
1283 662 1514 724 Finano
1543 663 1644 741 qui
1671 674 1807 740 post
1834 665 2000 724 illum
2027 665 2185 739 fuit,‹

615 782 684 822 us
711 761 774 821 in
803 761 1206 838 episcopatum
1235 762 1577 821 succederet
1600 772 1658 822 et
1676 761 1803 843 ipse
1824 761 2037 822 missus
2058 782 2092 822 a
2113 766 2185 824 Sc

617 859 692 917 de
715 857 1123 917 obseruatione
1143 859 1398 933 paschae
1419 876 1654 917 necnon
1677 867 1736 916 et
1758 858 1836 917 de
1852 857 1979 916 aliis
2002 860 2185 917 eccles

617 952 939 1030 disciplinis
966 953 1369 1012 controuersia
1395 963 1534 1012 nata
1563 962 1666 1012 est.
1752 953 1912 1011 unde
1946 953 2133 1013 mouit
2159 955 2185 1011 k

619 1069 830 1109 sensus·
878 1058 938 1108 et
992 1051 1172 1109 corda
1225 1051 1566 1121 multorum,
1633 1046 1967 1107 timentium
2021 1067 2097 1107 ne
2151 1049 2185 1106 fi

620 1145 1067 1207 Christianitatis
1110 1146 1406 1205 uocabulo
1447 1144 1510 1203 in
1551 1164 1806 1204 uacuum
1847 1155 2143 1204 currerent
2183 1192 2184 1199 ,

619 1253 764 1301 sent.
849 1240 1118 1319 peruenit
1145 1252 1206 1302 et
1232 1243 1309 1301 ad
1337 1242 1492 1318 ipsas
1529 1240 1859 1319 principum
1896 1260 2078 1310 aureS,
2110 1241 2185 1300 Os

617 1336 768 1412 regis
814 1348 871 1396 et
915 1337 1017 1396 filii
1062 1337 1187 1397 eius
1228 1336 1530 1396 Alchfridi.
1608 1336 1710 1412 qui
1751 1334 2026 1394 nimirum
2075 1336 2185 1396 Osi

620 1433 864 1493 edoctus
893 1452 963 1492 ac
992 1434 1337 1511 baptizatuS‚
1376 1434 1604 1493 illorum
1643 1433 1821 1493 etiam
1857 1433 2058 1509 lingua
2094 1446 2185 1508 opt

619 1531 703 1588 nil
755 1530 963 1590 melius
1017 1549 1197 1607 quam
1251 1533 1415 1608 quod
1469 1531 1552 1590 illi
1606 1530 1947 1590 docuissent
1999 1540 2185 1589 auturr

618 1626 881 1686 Alchfrid
909 1628 1247 1704 magistrum
1274 1629 1499 1688 habens
1527 1626 1869 1687 eruditionis
1899 1626 2185 1688 Christian

619 1719 810 1779 uirum
838 1719 1245 1779 doctissimum
1267 1719 1430 1797 (nam
1460 1731 1517 1780 et
1539 1722 1798 1780 Romam
1824 1721 1983 1797 prius
2008 1732 2184 1797 propt

622 1816 1076 1876 ecclesiasticam
1137 1817 1358 1877 adierat
1414 1827 1471 1877 et
1525 1817 1687 1894 apud
1744 1818 2046 1877 Dalfinum
2099 1837 2185 1877 ar<

621 1902 940 1971 Galliarum
985 1912 1262 1988 Lugduni
1304 1913 1555 1972 multum
1599 1912 1881 1989 temporis
1930 1923 2141 1990 egerat,

622 2021 897 2068 tonsurae
946 2009 1378 2069 ecclesiasticae
1421 2029 1701 2069 coronam
1748 2009 2129 2086 susceperat),
2177 2011 2185 2067 ἶ

624 2124 761 2162 narn
811 2103 1088 2163 omnibus
1141 2106 1475 2165 Scottorum
1530 2104 1942 2165 traditionibus
1996 2105 2120 2164 iure
2166 2125 2185 2181 1

623 2201 878 2259 sciebat:
941 2202 1103 2259 unde
1160 2200 1213 2261 ei
1265 2201 1442 2260 etiam
1484 2202 1811 2261 donauerat
1852 2201 2185 2261 monasterii

622 2313 787 2352 arum
813 2292 875 2352 in
902 2294 1039 2353 loco
1073 2294 1177 2370 qui
1213 2294 1425 2353 dicitur
1458 2297 1798 2372 Inhrypum.
1885 2314 2065 2371 quem
2100 2294 2185 2354 uic‘

622 2392 800 2466 paulo
853 2400 992 2449 ante
1040 2389 1124 2450 eis
1173 2390 1274 2467 qui
1326 2393 1559 2450 Scottos
1615 2393 2011 2467 sequebantur
2063 2391 2124 2450 in
2176 2411 2185 2468 ]

624 2485 959 2545 monasterii
1001 2488 1262 2560 dederat,
1307 2488 1413 2546 sed
1455 2488 1596 2564 quia
1635 2487 1719 2547 illi
1759 2489 2139 2565 postmodum
2181 2517 2185 2540 ·

625 2583 786 2644 tione
813 2585 998 2664 magis
1026 2586 1160 2643 loco
1189 2585 1401 2644 cedere
1440 2604 1618 2660 quam
1657 2605 1824 2645 suam
1861 2597 2087 2645 mutare
2121 2605 2185 2645 cc

625 2684 923 2754 uolebant,
982 2681 1148 2741 dedit
1203 2700 1339 2740 eum
1393 2680 1475 2739 illi
1532 2681 1633 2757 qui
1688 2682 1928 2758 dignam
1982 2684 2117 2742 loco
2173 2703 2185 2740 ‹

626 2775 866 2835 haberet
918 2786 978 2836 et
1021 2774 1221 2834 uitam.
1306 2786 1547 2834 uenerat
1595 2795 1668 2836 eo
1716 2787 1982 2853 tempore
2028 2777 2185 2854 Agin

627 2870 950 2929 dentalium
1012 2873 1310 2930 Saxonum
1365 2869 1695 2947 episcopuS,
1756 2872 1924 2931 cuius
1991 2893 2166 2950 supra

627 2964 852 3023 amicus
900 2965 1189 3025 Alchfridi
1230 2966 1382 3043 regis
1426 2977 1486 3026 et
1528 2966 1763 3027 Vilfridi
1815 2969 2061 3043 abbatiS,
2118 2971 2185 3029 ad

628 3060 1252 3136 Nordanhymbrorum
1303 3073 1363 3122 et
1412 3063 1573 3138 apud
1622 3082 1724 3123 eos
1771 3064 2110 3140 aliquandiu
2164 3086 2185 3126 c

630 3147 732 3228 qui
759 3153 937 3213 etiam
963 3152 1278 3214 Vilfridum
1305 3167 1511 3232 rogatu
1537 3158 1826 3218 Alchfridi
1862 3159 1923 3218 in
1960 3162 2184 3237 praefat¹

1400 3265 1444 3298 ²⁹
1473 3267 1704 3330 Lugdoni
1735 3284 1827 3318 ms-
