2567 3750
280 65 311 105 2
320 42 378 125 5]
730 84 741 94 ·
798 55 1129 115 PASCHAL
1180 54 1471 115 'CONTRO
1484 63 1727 114 VERSY.
2183 53 2256 121 73

278 176 515 250 Iudaeis
566 187 670 267 qui
723 192 1138 252 crediderunt?
1203 203 1262 253 et
1315 211 1521 252 omnes
1575 191 1637 250 hi
1690 191 2074 250 aemulatores
2123 200 2258 249 sunt

273 284 466 362 legis.’'
547 306 661 346 nec
689 298 884 346 tamen
911 287 1090 346 hodie
1119 290 1472 347 clarescente
1500 307 1604 364 per
1630 288 1920 345 mundum
1949 285 2257 361 euangelio

274 392 657 453 necesseest,
685 382 869 442 immo
908 402 1021 442 nec
1056 383 1300 455 licitum,
1340 383 1609 443 fidelibus
1648 384 1745 441 uel
1784 381 2127 440 circumcidi
2162 382 2260 440 uel

272 476 491 536 hostias
525 478 642 537 deo
678 477 1045 536 uictimarum
1082 480 1290 538 offerre
1317 478 1648 537 carnalium.
1725 477 1934 552 'itaque
1964 479 2259 536 Iohannes

200 584 205 589 “
214 593 245 651 5
273 575 601 632 secundum
647 573 791 651 legis
837 574 1327 634 consuetudinem
1373 575 1521 634 xiiiia
1567 575 1663 634 die
1707 574 1924 634 mensis
1968 573 2138 650 primi
2181 574 2259 632 ad

273 690 578 747 uesperam
606 668 921 748 incipiebat
947 673 1400 733 celebrationem
1434 673 1564 732 festi
1599 659 1903 748 paschaliS‚
1935 671 2017 731 nil
2046 688 2259 731 curans

272 777 466 826 utrum
508 768 656 826 haec
700 768 947 827 sabbato
989 787 1066 826 an
1113 768 1226 827 alia
1272 767 1532 843 qualibet
1579 767 1720 826 feria
1765 766 2112 843 proueniret.
2199 776 2259 823 at

271 881 412 923 uero
448 865 656 922 Petrus
692 882 829 922 cum
857 865 1088 924 Romae
1127 864 1505 940 praedicaret,
1549 882 1775 922 memor
1810 863 1947 940 quia
1984 859 2259 922 dominus

273 960 457 1036 prima
495 961 723 1021 sabbati
757 961 1061 1021 resurrexit
1089 981 1125 1021 a
1151 961 1395 1020 mortuis
1423 980 1494 1019 ac
1520 961 1744 1019 mundo
1779 979 1945 1035 spem
1982 978 2262 1018 resurrec-

184 1072 250 1111 1o
272 1057 446 1118 tionis
476 1059 739 1131 contulit,
768 1058 850 1118 ita
875 1061 1095 1134 pascha
1129 1058 1465 1117 faciendum
1503 1057 1798 1127 intellexit,
1838 1068 1905 1115 ut
1932 1057 2267 1116 secundum·

274 1154 763 1214 consuetudinem
790 1172 861 1214 ac
888 1166 1199 1232 praecepta
1236 1155 1378 1231 legis
1415 1154 1607 1213 xiiiiem
1642 1155 1841 1213 lunam
1884 1153 2058 1230 primi
2098 1173 2260 1214 men-

274 1250 366 1323 siS,
412 1270 603 1326 aeque
651 1250 801 1310 sicut
849 1253 1161 1322 IohanneS,
1213 1251 1498 1311 orientem
1545 1252 1623 1310 ad
1669 1270 1976 1326 uesperam
2029 1269 2261 1325 semper

273 1356 650 1429 exspectaret,
683 1357 740 1406 et
773 1347 885 1405 hac
919 1357 1135 1418 exorta,
1167 1346 1216 1405 si
1244 1346 1542 1406 dominica
1570 1345 1696 1406 dies
1724 1364 1875 1422 quae
1903 1357 2046 1404 tunc
2072 1345 2259 1422 prima

273 1442 501 1503 sabbati
527 1444 849 1503 uocabatur
880 1454 999 1503 erat
1031 1463 1204 1502 mane
1233 1454 1499 1518 uentura,
1529 1442 1590 1501 in
1618 1443 1745 1518 ipsa
1770 1462 2015 1518 uespera
2042 1443 2258 1518 pascha

180 1548 242 1605 15
273 1538 637 1597 dominicum
699 1539 990 1599 celebrare
1044 1538 1378 1615 incipiebat,
1445 1539 1748 1615 quomodo
1805 1549 1863 1597 et
1915 1557 2024 1596 nos
2078 1537 2258 1597 hodie

272 1636 460 1694 facere
508 1636 801 1708 solemus3
868 1634 958 1693 sin
1005 1646 1202 1694 autem
1251 1634 1548 1695 dominica
1597 1652 1719 1693 non
1768 1634 2035 1710 proximo
2083 1654 2257 1694 mane

271 1740 405 1804 post
441 1731 644 1788 lunam
679 1728 869 1786 xiiiiam
903 1731 1010 1811 sed
1044 1729 1172 1788 xui²
1217 1740 1319 1788 aut
1353 1729 1498 1787 xuiia
1535 1738 1635 1787 aut
1676 1727 1789 1787 alia
1825 1729 2083 1804 qualibet
2119 1731 2257 1788 luna

272 1844 458 1902 usque
496 1826 574 1884 ad
615 1824 783 1884 xxiam
829 1836 982 1886 esset
1022 1837 1284 1899 uentura,
1330 1827 1703 1903 exspectabat
1747 1846 1884 1886 eum
1929 1837 1986 1886 et
2029 1845 2258 1903 praece-

272 1924 450 1983 dente
478 1923 726 1982 sabbato
756 1939 999 1998 uespere
1037 1935 1404 1983 sacrosancta
1439 1927 1691 2000 paschae
1729 1924 2033 1984 sollemnia
2059 1924 2258 1983 incho-

176 2026 246 2064 20
270 2020 405 2078 abat
423 2040 442 2094 3
484 2018 686 2095 sicque
720 2020 896 2078 fiebat
932 2031 998 2080 ut
1034 2021 1332 2080 dominica
1369 2023 1621 2098 paschae
1658 2021 1783 2083 dies
1822 2021 2054 2079 nonnisi
2091 2039 2126 2079 a
2151 2031 2269 2080 xua‘

269 2116 409 2173 luna
447 2132 638 2189 usque
672 2114 750 2172 ad
789 2114 956 2172 niam
982 2128 1316 2175 seruaretur.
1402 2136 1596 2191 neque
1632 2118 1780 2175 haec
1818 2115 2154 2191 euangelica
2198 2127 2256 2175 et

271 2209 594 2287 apostolica
628 2210 860 2269 traditio
897 2213 1087 2287 legem
1127 2212 1303 2271 soluit
1342 2214 1447 2272 sed
1483 2212 1678 2289 potius
1712 2212 2008 2287 adimplet,
2041 2211 2101 2269 in
2140 2232 2256 2287 qua

271 2308 706 2366 obseruandum
743 2308 963 2382 pascha
988 2327 1024 2366 a
1048 2306 1191 2366 xiiiia
1225 2309 1364 2366 luna
1395 2308 1566 2384 primi
1603 2307 1819 2367 mensis
1847 2309 1924 2367 ad
1950 2326 2255 2381 uesperam

271 2422 458 2479 usque
501 2405 580 2462 ad
622 2403 791 2461 xxi²¹¹²
828 2405 1030 2462 lunam
1073 2404 1338 2464 eiusdem
1380 2404 1598 2463 mensis
1634 2405 1711 2462 ad
1751 2421 2056 2478 uesperam
2096 2422 2255 2479 prae-

180 2509 243 2566 25
272 2511 511 2575 ceptum
540 2510 662 2559 est:
702 2500 764 2558 in
792 2519 970 2575 quam
999 2500 1429 2559 obseruantiam
1469 2500 1815 2559 imitandam
1854 2518 2060 2558 omnes
2097 2499 2253 2558 beati

273 2595 555 2654 Iohannis
584 2614 947 2655 successores
984 2596 1045 2654 in
1078 2596 1219 2654 Asia
1256 2606 1391 2672 post
1433 2596 1660 2655 obitum
1695 2595 1818 2655 eius
1847 2605 1905 2655 et
1933 2593 2123 2653 omnis
2150 2612 2255 2670 per

272 2691 474 2751 orbem
519 2692 767 2751 ecclesia
813 2711 1097 2751 conuersa
1144 2703 1246 2752 est.
1333 2704 1392 2752 et
1434 2695 1550 2752 hoc
1598 2712 1725 2752 esse
1769 2711 1974 2751 uerum
2015 2694 2250 2771 pascha,

270 2786 385 2844 hoc
420 2787 613 2845 solum
653 2777 931 2847 fidelibus*
961 2788 1396 2861 celebrandum,
1428 2788 1661 2848 Niceno
1698 2786 1949 2845 concilio
1985 2799 2108 2845 non
2145 2797 2255 2846 sta·

271 2889 461 2940 tutum
504 2880 736 2940 nouiter
781 2867 909 2942 sed·
930 2869 1337 2942 confirmatum
1383 2894 1485 2956 est,
1532 2895 1596 2942 ut
1641 2881 2036 2942 ecclesiastica
2077 2884 2251 2943 docet

173 2993 249 3048 30
274 2976 523 3037 historia.
607 2979 769 3038 unde
812 2987 1041 3037 constat
1095 2998 1221 3051 uOS,
1269 2981 1575 3051 Colmane‚
1616 2997 1812 3054 neque
1858 2978 2139 3037 Iohannis
2184 2989 2249 3037 ut
2264 3006 2274 3015 -’

275 3071 583 3115 nrrhrmnfie
628 3075 884 3115 nvomnlo
932 3073 1134 3115 cantori
1176 3093 1369 3115 nonna
1401 3074 1551 3115 'Dan-ri
1596 3074 1760 3115 Νιῖιιε
1809 3071 2102 3115 tradit-inni
2146 3071 2272 3115 eoi-⁴
