2567 3750
249 191 363 263 276
695 202 846 251 THE
887 202 981 250 Po
994 200 1155 249 WER
1203 199 1300 249 oF
1340 199 1494 249 THE
1534 199 1643 248 ΚΕ
1655 198 1746 249 YS.
2098 178 2226 260 [111
2266 163 2274 170 ’

246 339 450 381 contra
471 346 640 395 quem
661 330 1170 379 conluctationem
1192 328 1634 378 controuersiae
1656 331 1712 374 et
1729 309 2081 373 iudiciorum
2102 322 2230 371 eius

244 411 304 459 in
336 410 464 458 uita
493 423 623 457 mea
652 423 771 456 non
801 407 960 457 facio
990 422 1097 456 nec
1128 405 1495 455 facientibus
1527 398 1888 453 consentio.’

344 491 385 538 P
419 490 491 549 '76
529 498 556 551 7
590 500 888 539 COLVMBAE
908 500 947 536 v
969 504 1000 554 9
1022 503 1057 551 p
1085 501 1169 550 191
1197 486 1216 535 1
1244 498 1301 548 15
1324 501 1412 550 seq
1436 486 1488 536 S.

380 604 417 630 ‚,
493 584 552 619 ιο
582 579 764 616 ΕΤῙΑΜ
815 564 956 631 ‘yes.’
1020 576 1060 614 v
1104 581 1132 614 a
1175 564 1311 628 John
1352 563 1412 612 of
1449 562 1687 625 Beverley
1708 563 1781 610 'to
1823 573 1856 609 a
1892 556 2048 608 dumb
2085 573 2228 608 man:

253 650 423 702 ‘dicito
443 648 644 712 aliquod
657 647 874 707 uerbum,
900 646 1041 695 dicito
1061 644 1159 710 gae’
1184 647 1377 709 [=yea,
1398 643 1505 708 γὼ]
1525 643 1655 708 quod
1668 649 1736 691 est
1753 642 1929 705 ling-ua
1950 640 2228 704 Anglorum
2251 639 2280 690 ’“.
2300 649 2333 709 5

246 730 447 780 uerbum
481 728 789 792 adfirmandi
818 735 864 777 a
895 728 1229 787 consentiendi,
1268 727 1330 776 id
1357 733 1426 776 est
1458 726 1657 776 etiam.
1722 734 1761 770 v
1790 738 1821 788 9
1854 723 1905 787 (p
1933 723 2144 788 1911-11
2172 724 2228 782 S)

246 810 654 874 interrogauitque
673 824 761 867 me,
784 824 855 858 an
875 822 985 858 eum
1011 823 1278 872 cognoscere
1296 815 1498 871 possem,
1561 805 1644 855 aio
1672 804 1906 854 ‘etiamz
1940 809 1996 852 tu
2026 818 2073 852 es
2101 803 2230 852 enim

245 888 438 938 BoisiL'

374 1004 408 1027 „
485 980 539 1015 12
577 979 860 1017 osTIAluvs
883 978 920 1015 v
945 980 998 1015 αι
1031 964 1084 1029 (p
1100 963 1193 1015 216
1214 964 1233 1014 1
1253 981 1279 1014 2
1298 965 1355 1026 S)
1381 963 1599 1014 Ceolfrid
1619 962 1858 1013 clenched
1877 962 1955 1011 his
1977 970 2232 1026 argument

246 1045 367 1095 with
404 1046 489 1094 the
523 1062 658 1096 same
689 1046 870 1110 appeal
901 1053 954 1095 to
986 1046 1119 1110 hope
1150 1045 1249 1094 and
1281 1045 1386 1094 sear
1409 1044 1462 1092 in
1489 1043 1568 1092 his
1595 1043 1741 1093 letter
1767 1050 1821 1092 to
1853 1043 1940 1091 the
1975 1043 2135 1091 Picts:
2165 1042 2233 1089 sic
2270 1058 2340 1098 10

245 1127 455 1190 enimfit
472 1130 655 1188 utpost
668 1130 902 1187 accqtam
925 1124 1200 1187 temporalis
1225 1122 1371 1186 regm'
1386 1122 1656 1186 potentiam
1688 1121 1819 1184 ipse
1850 1120 2234 1169 beatissimus

246 1203 654 1271 apostolorum
697 1202 978 1265 princeps
1022 1200 1309 1250 caelestis
1351 1214 1588 1264 quoque
1631 1199 1801 1262 regni
1843 1199 1961 1248 tibi
1997 1198 2234 1262 tuisque

248 1299 380 1334 eum
412 1280 633 1331 ceteris
663 1278 878 1329 electis
909 1278 1104 1328 libens
1135 1279 1366 1342 pandat
1397 1279 1739 1329 introitum.
1770 1277 1806 1326 h
1840 1294 1872 1326 a
1915 1292 1967 1327 11
2010 1277 2146 1339 (end)
2183 1276 2241 1326 of

248 1362 486 1412 Benedict
510 1358 596 1423 (ob
622 1373 680 1409 η
699 1358 798 1422 Jan
819 1355 936 1423 690)
955 1360 1165 1422 sepultus
1185 1359 1241 1407 in
1262 1359 1444 1408 ecclesia
1466 1359 1589 1407 beati
1610 1358 1810 1422 apostoli
1826 1357 1975 1414 Petri,
2000 1361 2069 1417 ut,
2095 1343 2244 1420 quem·

245 1440 414 1505 degens
444 1440 501 1488 in
532 1453 681 1487 carne
707 1445 890 1500 semper
912 1438 1085 1486 solebat
1106 1453 1289 1497 amare,
1318 1454 1433 1502 quo
1468 1437 1768 1502 pandente
1801 1437 2036 1485 ianuam
2069 1436 2232 1499 regni
2271 1443 2338 1501 15

246 1517 524 1569 caelestis
555 1515 832 1575 intrabat,
857 1515 920 1563 ab
938 1514 1088 1564 huius
1106 1515 1322 1578 relz'quiis
1341 1522 1387 1564 et
1403 1515 1559 1563 altari
1577 1521 1689 1578 post
1715 1522 1912 1563 mortem
1944 1530 2028 1563 nec
2048 1521 2240 1577 corpore

246 1599 438 1661 longius
460 1595 641 1644 abesset.
715 1594 786 1644 So
808 1593 1047 1643 Aldhelrn
1065 1594 1137 1655 (in
1164 1594 1319 1643 Bonis
1329 1610 1364 1658 p
1390 1607 1451 1654 30
1479 1593 1626 1658 Jaffe')
1658 1594 1704 1641 si
1728 1609 1838 1656 ergo
1862 1593 2004 1642 Petro
2034 1592 2236 1641 claues

248 1673 528 1725 caelestis
559 1671 726 1735 regni
746 1686 779 1718 a
808 1671 1002 1719 Chris-to
1021 1673 1237 1722 conlatae
1252 1677 1385 1730 sunt,
1413 1672 1470 1720 de
1489 1687 1582 1735 quo
1593 1678 1733 1735 poeta
1756 1670 2018 1733 [Aldhelm
2039 1670 2242 1720 himself

246 1755 311 1804 de
332 1752 427 1804 aris
444 1752 633 1816 Mariae
656 1761 700 1798 11
725 1748 778 1810 2]
798 1750 897 1800 ait:
932 1749 1219 1813 ‘clauiger
1238 1750 1555 1809 aetherius,
1576 1757 1806 1815 portam
1827 1748 1928 1814 qui
1947 1749 2156 1814 pandit
2177 1749 2236 1797 in

249 1826 486 1890 aethra,'
508 1828 631 1893 quis,
657 1828 864 1878 ecclesiae
880 1828 980 1877 eius
998 1834 1182 1877 statuta
1193 1828 1497 1892 principalia
1515 1835 1743 1892 spernens
1761 1834 1806 1877 et
1823 1828 2068 1877 doctrinae
2093 1843 2235 1877 man-
2270 1842 2343 1880 20

247 1910 363 1959 data
399 1915 712 1965 contemnem,
747 1914 843 1970 per
873 1898 1150 1957 caelestis
1180 1907 1447 1971 paradisi
1477 1914 1709 1971 portam
1732 1906 2128 1970 gratulabundus
2158 1908 2235 1956 in-

243 1988 495 2052 greditur?
532 1993 578 2036 et
607 1987 654 2035 si
685 1987 783 2049 ipse
811 1993 1167 2049 potestatem
1205 1987 1438 2051 ligandi
1472 1995 1652 2053 atque
1686 1987 2085 2038 monarchiam
2119 1986 2236 2036 sol-

248 2067 419 2117 uendi
451 2066 512 2114 in
539 2064 711 2114 caelo
743 2071 801 2114 et
837 2064 898 2113 in
934 2070 1092 2113 terra
1124 2064 1291 2114 felici
1317 2048 1479 2115 soite
1506 2073 1564 2115 et
1592 2067 1883 2131 peculiari
1912 2067 2236 2132 priuilegio

249 2146 520 2209 accipere
564 2143 913 2207 promeruit,
965 2143 1116 2206 quiS‚
1164 2145 1465 2207 paschalis
1513 2145 1653 2195 festi
1698 2147 1960 2210 regulam
2001 2155 2063 2197 et
2111 2154 2237 2196 ton·

249 2238 418 2273 surae
450 2223 751 2270 Romanae
782 2221 960 2269 ritum
992 2221 1281 2278 refutanS,
1317 2224 1596 2286 nonpotius
1613 2239 1663 2273 se
1679 2226 1857 2273 strictis
1878 2227 2080 2275 nexibus
2098 2225 2233 2275 inex·
2268 2239 2339 2296 ²5

249 2302 530 2352 tricabiliter
547 2300 858 2364 obligandum
878 2315 1029 2363 quam
1051 2301 1300 2350 clementer
1316 2302 1655 2351 absoluendum
1676 2305 1920 2353 ullatenus
1940 2305 2238 2354 arbitrarer?

247 2380 374 2447 Jaffe
396 2395 600 2430 monum
623 2379 772 2429 Carol
793 2378 928 2440 (Berl
955 2379 1097 2443 1867)
1126 2396 1201 2440 14.
1232 2379 1433 2432 16-18.
1505 2397 1637 2446 pope
1667 2382 1854 2431 Martin
1877 2395 1897 2430 1
1921 2383 1974 2431 in
1997 2383 2235 2431 Batonius

250 2460 346 2523 646
371 2478 433 2512 20
455 2461 598 2510 donec
618 2459 854 2508 iudicium
875 2459 934 2507 de
956 2475 1006 2510 eo
1032 2466 1222 2510 nostrae
1248 2462 1525 2524 apostolicae
1549 2464 1863 2523 auctoritatzlc,
1892 2464 1977 2513 hoc
2004 2471 2073 2512 est
2090 2463 2236 2529 prin·

249 2539 365 2604 aspis
395 2539 711 2603 apostolorum
744 2540 894 2599 Petri,
920 2547 1176 2604 cognoscat,
1204 2546 1359 2603 utpote
1385 2541 1618 2605 quoniam
1650 2542 1780 2589 solus
1805 2549 1848 2591 d
1864 2550 1992 2606 prae
2018 2543 2239 2591 omnibus

249 2619 453 2670 meditus
472 2623 542 2666 est
558 2624 699 2681 atque
718 2619 923 2680 accipere
941 2618 1119 2667 meruit
1134 2634 1168 2667 a
1190 2633 1296 2680 rege
1323 2633 1490 2681 reg-um
1518 2619 1711 2667 Christo
1729 2621 1810 2668 deo
1841 2620 2041 2673 claues
2072 2620 2237 2683 regni
2268 2636 2346 2692 30

251 2697 549 2748 caelorum
577 2697 650 2745 ad
679 2696 1068 2760 aperiendum
1094 2703 1254 2746 recte
1283 2697 1664 2748 credentibus
1694 2698 1753 2747 in
1774 2701 2023 2749 eundem
2051 2699 2236 2748 domi·

252 2792 384 2825 num
414 2768 684 2824 nostrum
717 2781 775 2823 et
806 2774 1201 2823 claudendum
1237 2775 1598 2827 infidelibus
1633 2776 1970 2830 haereticis,
2065 2777 2240 2828 Gildas

253 2855 299 2903 in
330 2854 490 2902 MHB
515 2858 597 2915 33⁰
625 2852 1050 2901 clauicularius
1077 2853 1182 2901 ille
1215 2854 1524 2907 caelorum.
1564 2856 1670 2905 ibid
1695 2864 1793 2921 45⁹·
1861 2860 2069 2922 Ebrard‚
2098 2861 2237 2912 Rett-
2267 2838 2274 2848 ’

251 2935 373 2996 berg
401 2932 501 2979 and
534 2931 739 2979 Werner
768 2930 1069 2991 (Bonisacius
1096 2933 1250 2996 Leipz
1281 2934 1402 2997 1875
1433 2933 1508 2996 36.
1541 2947 1620 2999 37.
1649 2939 1759 2998 104)
1786 2937 1911 2989 have
1936 2940 2107 2990 shewn
2130 2939 2239 2990 that

252 3011 338 3061 the
381 3008 566 3059 British
598 3007 782 3058 church
818 3010 1133 3072 represented
1170 3011 1395 3076 spiritual
1437 3014 1657 3065 freedom
1700 3032 1753 3065 as
1797 3021 2019 3084 opposed
2061 3029 2115 3072 to
2152 3024 2239 3074 the
2268 3042 2301 3098 3
2308 3038 2344 3100 5

251 3089 475 3140 absolute
497 3087 762 3152 monarchy
784 3090 883 3138 and
905 3091 1209 3141 mechanical
1229 3094 1363 3157 good
1385 3095 1548 3145 works
1571 3097 1629 3146 of
1647 3099 1820 3148 Rome.
