2567 3750
327 75 639 158 (28)=2.6]
692 97 1078 147 MIRACLES
1115 93 1228 144 ΒΥ
1265 84 1727 141 CUDBERCT’S
1763 87 1906 136 PRA
1923 86 2115 135 γεω.
2187 86 2295 146 153

327 218 540 280 Cantia
593 222 798 285 fecisse
857 223 1134 295 noscitur,
1193 221 1482 281 scribente
1526 218 1581 279 ei
1627 218 2096 279 reuerentissimo
2149 237 2304 295 papa

328 317 610 392 Gregorio
639 321 803 394 quod
832 329 892 379 et
919 338 1095 395 supra
1120 319 1441 395 posuimus,
1508 319 1641 378 ‘sed
1669 316 1806 394 quia
1833 327 1935 377 tua
1954 316 2300 376 fraternitas’

329 410 520 487 inquit
564 416 578 444 ‘
596 414 935 474 monasterii
975 414 1188 491 regulis
1229 413 1458 473 erudita
1497 433 1761 473 seorsum
1800 414 1923 473 fieri
1963 433 2084 474 non
2126 414 2305 474 debet

327 526 364 564 a
389 506 611 566 clericis
641 508 778 581 suiS,
807 508 871 567 in
897 509 1145 570 ecclesia
1175 511 1500 586 Anglorum
1528 529 1681 585 quae
1707 529 1896 585 nuper
1922 520 2161 568 auctore
2189 504 2306 568 deo*

265 629 297 686 5
328 606 407 671 ad
431 606 610 665 fidem
636 607 922 681 perducta
948 618 1037 666 est
1061 609 1218 666 hane
1245 609 1423 667 debet
1449 607 1958 668 conuersationem
1985 606 2301 678 instituere,
2357 666 2361 673 ,

329 706 480 776 quae
507 699 675 760 initio
703 702 997 762 nascentis
1027 703 1307 763 ecclesiae
1336 703 1442 762 fuit
1469 704 1728 778 patribus
1756 704 1987 776 nostriS,
2005 704 2066 761 in
2089 702 2303 779 quibus

327 797 520 854 nullus
567 815 769 855 eorum
816 817 891 857 ex
937 798 1027 857 his
1076 817 1227 873 quae
1274 798 1658 874 possidebant
1697 797 1922 874 aliquid
1961 817 2133 857 suum
2178 816 2304 858 esse

328 891 577 965 dicebat,
608 894 716 953 sed
743 905 908 955 erant
932 894 1047 954 illis
1075 894 1274 956 omnia
1302 894 1670 955 communia’

1149 1137 1479 1221 [XXVIII]

233 1296 303 1335 10
461 1285 616 1344 ΧΙΝ
685 1284 987 1344 Cudberct
1040 1284 1437 1344 crescentibus
1495 1282 1714 1369 meritis
1765 1283 2067 1360 religiosae
2121 1283 2305 1344 inten-

499 1379 676 1440 tionis
722 1380 800 1439 ad
847 1379 1254 1440 anchoreticae
1303 1399 1541 1456 quoque
1594 1379 2108 1456 contemplationis
2154 1399 2305 1456 quae

328 1471 579 1533 diximus
606 1474 835 1534 silentia
862 1485 1087 1535 secreta
1111 1475 1395 1551 peruenit.
1480 1494 1685 1534 uerum
1723 1474 1861 1549 quia
1898 1475 1972 1535 de
2006 1473 2128 1533 uita
2153 1474 2306 1533 illius

241 1586 249 1591 ·
328 1578 387 1626 et
440 1566 752 1626 uirtutibus
815 1579 952 1628 ante
1006 1587 1194 1628 annos
1248 1569 1443 1644 plures
1510 1567 1861 1627 sufficienter
1922 1579 1981 1627 et
2042 1568 2306 1628 uersibus

328 1662 576 1722 heroicis
619 1673 679 1722 et
718 1661 969 1738 simplici
1008 1662 1273 1723 oratione
1315 1661 1780 1739 conscripsimuS,
1821 1664 1937 1722 hoc
1978 1672 2203 1721 tantum
2244 1661 2305 1719 in

235 1771 299 1828 15
328 1756 619 1833 praesenti
674 1777 1134 1818 commemorare
1189 1758 1328 1818 satis
1383 1758 1471 1830 sit,
1522 1759 1685 1834 quod
1738 1759 1999 1818 aditurus
2053 1758 2306 1817 insulam

318 1842 682 1929 'protestatus
723 1865 812 1916 est
852 1855 1139 1929 fratribus,
1184 1854 1423 1916 dicens:
1477 1859 1491 1888 ‘
1509 1855 1558 1915 si
1596 1854 1741 1915 mihi
1781 1855 1981 1916 diuina
2020 1854 2204 1931 gratia
2245 1855 2307 1913 in

329 1949 464 2008 loco
506 1948 609 2009 illo
655 1951 962 2010 donauerit
1008 1961 1074 2008 ut
1122 1951 1197 2008 de
1242 1968 1421 2025 opere
1468 1969 1751 2009 manuum
1795 1970 2057 2009 mearum
2105 1949 2307 2008 uiuere

330 2061 560 2118 queam,
588 2043 779 2103 libens
820 2043 903 2104 ibi
942 2044 1249 2118 morab013
1292 2043 1383 2102 sin
1424 2043 1584 2118 aliaS‚
1612 2045 1691 2104 ad
1731 2065 1841 2105 uos
1885 2044 2161 2104 citissime
2191 2045 2308 2103 deo

328 2138 567 2196 uolente
609 2141 898 2197 reuertar!
999 2150 1121 2199 erat
1172 2149 1372 2199 autem
1423 2141 1588 2198 locus
1632 2150 1689 2199 et
1729 2159 1917 2215 aquae
1957 2157 2190 2214 prorsus
2247 2148 2308 2197 et

231 2250 304 2288 20
327 2234 502 2310 frugis
551 2246 611 2296 et
656 2234 879 2294 arboris
924 2235 1112 2312 inopS,
1164 2237 1272 2296 sed
1313 2247 1373 2295 et
1420 2235 1724 2312 spirituum
1772 2235 2161 2310 malignorum
2201 2235 2307 2293 fre·

329 2328 570 2404 quentia
615 2331 910 2390 humanae
958 2330 1305 2390 habitationi
1345 2330 1537 2390 minus
1578 2330 2034 2391 accommodus:
2083 2329 2189 2388 sed
2229 2329 2307 2387 ad

327 2435 536 2483 uotum
583 2424 693 2484 uiri
741 2425 839 2484 dei
885 2425 1219 2485 habitabilis
1259 2444 1366 2502 per
1404 2424 1605 2485 omnia
1644 2426 1830 2483 factus
1872 2434 1974 2496 est,
2019 2422 2306 2500 siquidem

328 2519 406 2577 ad
452 2520 778 2578 aduentum
824 2519 948 2579 eius
990 2519 1224 2595 spiritus
1264 2537 1553 2578 recessere
1596 2517 1849 2593 maligni.
1934 2536 2069 2576 cum
2108 2526 2307 2576 autem

328 2613 452 2689 ipse
504 2613 617 2673 sibi
671 2614 893 2674 ibidem
946 2614 1201 2690 expulsis
1255 2613 1525 2675 hostibus
1578 2613 1945 2672 mansionem
1999 2623 2306 2687 angustam

232 2720 300 2779 25
328 2710 808 2770 circumuallante
855 2730 1065 2787 aggere
1107 2721 1166 2770 et
1206 2710 1420 2770 domos
1460 2709 1522 2767 in
1564 2728 1636 2768 ea
1673 2708 2027 2768 necessarias
2067 2707 2306 2767 iuuante

329 2807 566 2867 fratrum
606 2827 806 2880 manu,
841 2808 903 2867 id
945 2818 1034 2866 est
1075 2805 1394 2867 oratorium
1435 2817 1496 2866 et
1536 2805 1930 2865 habitaculum
1973 2823 2303 2875 commune,

330 2903 763 2977 construxisset,
793 2903 959 2963 iussit
987 2905 1186 2962 fratres
1227 2903 1291 2961 in
1332 2903 1595 2963 eiusdem
1621 2901 1938 2961 habitaculi
1964 2900 2315 2976 pauimento,

331 2998 561 3057 foueam
606 3002 831 3059 facere:
873 3010 998 3059 erat
1040 3011 1238 3059 autem
1285 3002 1458 3059 tellus
1506 2998 1811 3059 durissima
1857 3009 1916 3057 et
1956 3017 2180 3069 saxosa,
2210 2997 2305 3057 cui

330 3095 489 3152 nulla
515 3095 759 3155 omnino
801 3114 934 3171 spes
972 3114 1160 3154 uenae
1197 3096 1476 3154 fontanae
1515 3095 1811 3154 uideretur
1851 3093 2059 3152 inesse.
2143 3093 2300 3168 quod

423 3219 445 3253 ⁷
466 3221 773 3283 poss-edebant
802 3237 892 3271 ms,
1050 3221 1072 3255 ⁹
1103 3222 1302 3271 XXVI
1323 3238 1417 3271 ms.
1568 3220 1610 3256 ²¹
1641 3221 1965 3271 ancha-ithae
1993 3235 2053 3282 pr
2073 3234 2202 3267 man.

458 3300 500 3332 ²¹
531 3302 801 3351 accomoda-5
831 3318 927 3358 ms„
1121 3301 1162 3335 ’ὅ
1194 3303 1364 3351 a'omus
1395 3319 1456 3368 pr
1475 3318 1609 3352 man.
1786 3299 1829 3334 ²⁸
1857 3315 2053 3349 saxossa
2084 3312 2175 3347 ms·
