<?xml version="1.0" encoding="UTF-8"?>
<!DOCTYPE html PUBLIC "-//W3C//DTD XHTML 1.0 Transitional//EN"
    "http://www.w3.org/TR/xhtml1/DTD/xhtml1-transitional.dtd">
<html xmlns="http://www.w3.org/1999/xhtml" xml:lang="en" lang="en">
 <head>
  <title>
</title>
<meta http-equiv="Content-Type" content="text/html;charset=utf-8" />
  <meta name='ocr-system' content='tesseract 3.04.00' />
  <meta name='ocr-capabilities' content='ocr_page ocr_carea ocr_par ocr_line ocrx_word'/>
</head>
<body>
  <div class='ocr_page' id='page_1' title='image "./historiaeeccles01lumbgoog_0135.png"; bbox 0 0 2567 3750; ppageno 0'>
   <div class='ocr_carea' id='block_1_1' title="bbox 353 30 2301 128">
    <p class='ocr_par' dir='ltr' id='par_1_1' title="bbox 353 30 2301 128">
     <span class='ocr_line' id='line_1_1' title="bbox 353 30 2301 128; baseline -0.004 -10"><span class='ocrx_word' id='word_1_1' title='bbox 353 46 449 128; x_wconf 83' lang='lat'><strong>12]</strong></span> <span class='ocrx_word' id='word_1_2' title='bbox 664 66 946 116; x_wconf 75' lang='lat' dir='ltr'><em>HAEDDJ</em></span> <span class='ocrx_word' id='word_1_3' title='bbox 981 68 1254 117; x_wconf 76' lang='lat' dir='ltr'><em>BJSHOP</em></span> <span class='ocrx_word' id='word_1_4' title='bbox 1297 68 1391 117; x_wconf 81' lang='lat' dir='ltr'><strong>OF</strong></span> <span class='ocrx_word' id='word_1_5' title='bbox 1436 30 1636 116; x_wconf 69' lang='lat' dir='ltr'><strong>¹WEST</strong></span> <span class='ocrx_word' id='word_1_6' title='bbox 1673 65 1974 117; x_wconf 72' lang='lat' dir='ltr'><em>SAXONS.</em></span> <span class='ocrx_word' id='word_1_7' title='bbox 2192 73 2218 111; x_wconf 92' lang='lat'>1</span> <span class='ocrx_word' id='word_1_8' title='bbox 2231 72 2301 128; x_wconf 85' lang='lat'><strong>13</strong></span> 
     </span>
    </p>
   </div>
   <div class='ocr_carea' id='block_1_2' title="bbox 252 192 2328 1326">
    <p class='ocr_par' dir='ltr' id='par_1_2' title="bbox 343 192 2328 557">
     <span class='ocr_line' id='line_1_2' title="bbox 347 192 2307 269; baseline 0.001 -20"><span class='ocrx_word' id='word_1_9' title='bbox 347 192 670 252; x_wconf 88' lang='lat' dir='ltr'><strong>tumulandi</strong></span> <span class='ocrx_word' id='word_1_10' title='bbox 697 192 1032 269; x_wconf 82' lang='lat' dir='ltr'>cogitabant</span> <span class='ocrx_word' id='word_1_11' title='bbox 1058 203 1161 253; x_wconf 89' lang='lat' dir='ltr'><strong>aut</strong></span> <span class='ocrx_word' id='word_1_12' title='bbox 1186 193 1346 252; x_wconf 88' lang='lat' dir='ltr'><strong>aliud</strong></span> <span class='ocrx_word' id='word_1_13' title='bbox 1383 212 1657 268; x_wconf 86' lang='lat' dir='ltr'><strong>quaerere</strong></span> <span class='ocrx_word' id='word_1_14' title='bbox 1693 195 1950 252; x_wconf 87' lang='lat' dir='ltr'><strong>loculum</strong></span> <span class='ocrx_word' id='word_1_15' title='bbox 1987 204 2089 253; x_wconf 86' lang='lat' dir='ltr'><strong>aut</strong></span> <span class='ocrx_word' id='word_1_16' title='bbox 2114 192 2307 269; x_wconf 89' lang='lat' dir='ltr'><strong>ipsum</strong></span> 
     </span>
     <span class='ocr_line' id='line_1_3' title="bbox 345 287 2328 364; baseline 0.001 -18"><span class='ocrx_word' id='word_1_17' title='bbox 345 306 571 363; x_wconf 66' lang='lat' dir='ltr'><strong>corpm,</strong></span> <span class='ocrx_word' id='word_1_18' title='bbox 615 288 664 347; x_wconf 90' lang='lat' dir='ltr'><strong>si</strong></span> <span class='ocrx_word' id='word_1_19' title='bbox 703 298 959 364; x_wconf 89' lang='lat' dir='ltr'><strong>possent,</strong></span> <span class='ocrx_word' id='word_1_20' title='bbox 1001 287 1064 347; x_wconf 91' lang='lat' dir='ltr'><strong>in</strong></span> <span class='ocrx_word' id='word_1_21' title='bbox 1101 287 1349 364; x_wconf 89' lang='lat' dir='ltr'><strong>genibus</strong></span> <span class='ocrx_word' id='word_1_22' title='bbox 1389 287 1744 349; x_wconf 86' lang='lat' dir='ltr'><strong>inflectendo</strong></span> <span class='ocrx_word' id='word_1_23' title='bbox 1786 287 2074 361; x_wconf 79' lang='lat' dir='ltr'><strong>breuiare,</strong></span> <span class='ocrx_word' id='word_1_24' title='bbox 2114 290 2328 348; x_wconf 90' lang='lat' dir='ltr'><strong>donec·</strong></span> 
     </span>
     <span class='ocr_line' id='line_1_4' title="bbox 346 383 2307 460; baseline 0.002 -19"><span class='ocrx_word' id='word_1_25' title='bbox 346 383 475 459; x_wconf 91' lang='lat' dir='ltr'><strong>ipso</strong></span> <span class='ocrx_word' id='word_1_26' title='bbox 520 385 718 443; x_wconf 89' lang='lat' dir='ltr'><strong>loculo</strong></span> <span class='ocrx_word' id='word_1_27' title='bbox 770 395 1081 460; x_wconf 89' lang='lat' dir='ltr'><strong>caperetur.</strong></span> <span class='ocrx_word' id='word_1_28' title='bbox 1168 386 1272 445; x_wconf 90' lang='lat' dir='ltr'><strong>sed</strong></span> <span class='ocrx_word' id='word_1_29' title='bbox 1322 384 1467 443; x_wconf 88' lang='lat' dir='ltr'><strong>mira</strong></span> <span class='ocrx_word' id='word_1_30' title='bbox 1512 404 1604 445; x_wconf 91' lang='lat' dir='ltr'><strong>res</strong></span> <span class='ocrx_word' id='word_1_31' title='bbox 1646 397 1705 445; x_wconf 92' lang='lat' dir='ltr'><strong>et</strong></span> <span class='ocrx_word' id='word_1_32' title='bbox 1747 405 1870 445; x_wconf 90' lang='lat' dir='ltr'><strong>non</strong></span> <span class='ocrx_word' id='word_1_33' title='bbox 1906 384 2018 445; x_wconf 90' lang='lat' dir='ltr'><strong>nisi</strong></span> <span class='ocrx_word' id='word_1_34' title='bbox 2065 385 2307 445; x_wconf 80' lang='lat' dir='ltr'><strong>caelitus</strong></span> 
     </span>
     <span class='ocr_line' id='line_1_5' title="bbox 343 478 2308 557; baseline 0.003 -20"><span class='ocrx_word' id='word_1_35' title='bbox 343 480 513 553; x_wconf 86' lang='lat' dir='ltr'><strong>facta,</strong></span> <span class='ocrx_word' id='word_1_36' title='bbox 542 499 619 540; x_wconf 91' lang='lat' dir='ltr'><strong>ne</strong></span> <span class='ocrx_word' id='word_1_37' title='bbox 645 479 868 556; x_wconf 92' lang='lat' dir='ltr'><strong>aliquid</strong></span> <span class='ocrx_word' id='word_1_38' title='bbox 893 482 1102 540; x_wconf 90' lang='lat' dir='ltr'><strong>horum</strong></span> <span class='ocrx_word' id='word_1_39' title='bbox 1129 481 1252 540; x_wconf 88' lang='lat' dir='ltr'><strong>fieri</strong></span> <span class='ocrx_word' id='word_1_40' title='bbox 1278 481 1536 553; x_wconf 88' lang='lat' dir='ltr'><strong>deberet,</strong></span> <span class='ocrx_word' id='word_1_41' title='bbox 1565 480 1877 557; x_wconf 86' lang='lat' dir='ltr'><strong>prohibuit.</strong></span> <span class='ocrx_word' id='word_1_42' title='bbox 1946 501 2085 541; x_wconf 89' lang='lat' dir='ltr'><strong>nam</strong></span> <span class='ocrx_word' id='word_1_43' title='bbox 2114 478 2308 547; x_wconf 84' lang='lat' dir='ltr'><strong>subito</strong></span> 
     </span>
    </p>

    <p class='ocr_par' dir='ltr' id='par_1_3' title="bbox 283 576 2312 1039">
     <span class='ocr_line' id='line_1_6' title="bbox 283 576 2312 653; baseline 0.004 -20"><span class='ocrx_word' id='word_1_44' title='bbox 283 593 317 652; x_wconf 86' lang='lat'>5</span> <span class='ocrx_word' id='word_1_45' title='bbox 344 576 613 635; x_wconf 82' lang='lat' dir='ltr'><strong>adstante</strong></span> <span class='ocrx_word' id='word_1_46' title='bbox 655 576 934 652; x_wconf 90' lang='lat' dir='ltr'><strong>episcopo</strong></span> <span class='ocrx_word' id='word_1_47' title='bbox 977 588 1036 637; x_wconf 90' lang='lat' dir='ltr'><strong>et</strong></span> <span class='ocrx_word' id='word_1_48' title='bbox 1082 577 1202 637; x_wconf 89' lang='lat' dir='ltr'><strong>filio</strong></span> <span class='ocrx_word' id='word_1_49' title='bbox 1245 577 1395 653; x_wconf 89' lang='lat' dir='ltr'><strong>regis</strong></span> <span class='ocrx_word' id='word_1_50' title='bbox 1449 577 1708 637; x_wconf 90' lang='lat' dir='ltr'><strong>eiusdem</strong></span> <span class='ocrx_word' id='word_1_51' title='bbox 1752 596 1824 637; x_wconf 87' lang='lat' dir='ltr'><strong>ac</strong></span> <span class='ocrx_word' id='word_1_52' title='bbox 1870 577 2143 636; x_wconf 88' lang='lat' dir='ltr'><strong>monachi</strong></span> <span class='ocrx_word' id='word_1_53' title='bbox 2189 577 2312 653; x_wconf 68' lang='lat' dir='ltr'><strong>Sig-</strong></span> 
     </span>
     <span class='ocr_line' id='line_1_7' title="bbox 347 672 2310 749; baseline 0.003 -21"><span class='ocrx_word' id='word_1_54' title='bbox 347 672 548 742; x_wconf 88' lang='lat' dir='ltr'><strong>hardo,</strong></span> <span class='ocrx_word' id='word_1_55' title='bbox 580 672 682 747; x_wconf 92' lang='lat' dir='ltr'><strong>qui</strong></span> <span class='ocrx_word' id='word_1_56' title='bbox 708 683 842 748; x_wconf 90' lang='lat' dir='ltr'><strong>post</strong></span> <span class='ocrx_word' id='word_1_57' title='bbox 868 673 1031 732; x_wconf 91' lang='lat' dir='ltr'><strong>illum</strong></span> <span class='ocrx_word' id='word_1_58' title='bbox 1058 692 1195 732; x_wconf 88' lang='lat' dir='ltr'><strong>cum</strong></span> <span class='ocrx_word' id='word_1_59' title='bbox 1231 675 1404 733; x_wconf 88' lang='lat' dir='ltr'><strong>fratre</strong></span> <span class='ocrx_word' id='word_1_60' title='bbox 1433 674 1714 734; x_wconf 90' lang='lat' dir='ltr'><strong>Suefredo</strong></span> <span class='ocrx_word' id='word_1_61' title='bbox 1742 674 2022 749; x_wconf 86' lang='lat' dir='ltr'><strong>regnauit,</strong></span> <span class='ocrx_word' id='word_1_62' title='bbox 2050 684 2110 733; x_wconf 92' lang='lat' dir='ltr'><strong>et</strong></span> <span class='ocrx_word' id='word_1_63' title='bbox 2139 674 2310 733; x_wconf 90' lang='lat' dir='ltr'><strong>turba</strong></span> 
     </span>
     <span class='ocr_line' id='line_1_8' title="bbox 347 749 2312 846; baseline 0.002 -20"><span class='ocrx_word' id='word_1_64' title='bbox 347 767 654 828; x_wconf 89' lang='lat' dir='ltr'><strong>hominum</strong></span> <span class='ocrx_word' id='word_1_65' title='bbox 689 788 811 829; x_wconf 92' lang='lat' dir='ltr'><strong>non</strong></span> <span class='ocrx_word' id='word_1_66' title='bbox 853 768 1105 842; x_wconf 88' lang='lat' dir='ltr'><strong>modica,</strong></span> <span class='ocrx_word' id='word_1_67' title='bbox 1143 749 1449 829; x_wconf 76' lang='lat' dir='ltr'><strong>inuentum</strong></span> <span class='ocrx_word' id='word_1_68' title='bbox 1486 780 1574 828; x_wconf 86' lang='lat' dir='ltr'><strong>est</strong></span> <span class='ocrx_word' id='word_1_69' title='bbox 1615 772 1975 846; x_wconf 84' lang='lat' dir='ltr'><strong>sarcofagum</strong></span> <span class='ocrx_word' id='word_1_70' title='bbox 2002 769 2148 828; x_wconf 91' lang='lat' dir='ltr'><strong>illud</strong></span> <span class='ocrx_word' id='word_1_71' title='bbox 2174 789 2312 829; x_wconf 82' lang='lat' dir='ltr'><strong>con-</strong></span> 
     </span>
     <span class='ocr_line' id='line_1_9' title="bbox 345 866 2311 944; baseline 0.002 -19"><span class='ocrx_word' id='word_1_72' title='bbox 345 883 525 940; x_wconf 87' lang='lat' dir='ltr'><strong>gruae</strong></span> <span class='ocrx_word' id='word_1_73' title='bbox 564 866 943 942; x_wconf 85' lang='lat' dir='ltr'><strong>longitudinis</strong></span> <span class='ocrx_word' id='word_1_74' title='bbox 981 867 1060 927; x_wconf 93' lang='lat' dir='ltr'><strong>ad</strong></span> <span class='ocrx_word' id='word_1_75' title='bbox 1100 886 1432 927; x_wconf 90' lang='lat' dir='ltr'><strong>mensuram</strong></span> <span class='ocrx_word' id='word_1_76' title='bbox 1473 868 1750 944; x_wconf 79' lang='lat' dir='ltr'><strong>corporiS‚</strong></span> <span class='ocrx_word' id='word_1_77' title='bbox 1779 869 1930 928; x_wconf 87' lang='lat' dir='ltr'><strong>adeo</strong></span> <span class='ocrx_word' id='word_1_78' title='bbox 1971 879 2037 927; x_wconf 91' lang='lat' dir='ltr'><strong>ut</strong></span> <span class='ocrx_word' id='word_1_79' title='bbox 2071 888 2108 928; x_wconf 91' lang='lat' dir='ltr'><strong>a</strong></span> <span class='ocrx_word' id='word_1_80' title='bbox 2147 880 2311 944; x_wconf 89' lang='lat' dir='ltr'><strong>parte</strong></span> 
     </span>
     <span class='ocr_line' id='line_1_10' title="bbox 349 959 2310 1039; baseline 0.002 -21"><span class='ocrx_word' id='word_1_81' title='bbox 349 959 556 1035; x_wconf 88' lang='lat' dir='ltr'><strong>capitis</strong></span> <span class='ocrx_word' id='word_1_82' title='bbox 585 960 758 1020; x_wconf 91' lang='lat' dir='ltr'><strong>etiam</strong></span> <span class='ocrx_word' id='word_1_83' title='bbox 787 961 1035 1021; x_wconf 89' lang='lat' dir='ltr'><strong>ceruical</strong></span> <span class='ocrx_word' id='word_1_84' title='bbox 1072 974 1271 1039; x_wconf 86' lang='lat' dir='ltr'><strong>posset</strong></span> <span class='ocrx_word' id='word_1_85' title='bbox 1306 962 1614 1039; x_wconf 90' lang='lat' dir='ltr'><strong>interponi,</strong></span> <span class='ocrx_word' id='word_1_86' title='bbox 1644 982 1681 1022; x_wconf 92' lang='lat' dir='ltr'><strong>a</strong></span> <span class='ocrx_word' id='word_1_87' title='bbox 1719 972 1883 1039; x_wconf 88' lang='lat' dir='ltr'><strong>parte</strong></span> <span class='ocrx_word' id='word_1_88' title='bbox 1914 982 2055 1021; x_wconf 89' lang='lat' dir='ltr'><strong>uero</strong></span> <span class='ocrx_word' id='word_1_89' title='bbox 2091 964 2310 1038; x_wconf 89' lang='lat' dir='ltr'><strong>pedum</strong></span> 
     </span>
    </p>

    <p class='ocr_par' dir='ltr' id='par_1_4' title="bbox 252 1053 2314 1326">
     <span class='ocr_line' id='line_1_11' title="bbox 252 1053 2314 1134; baseline -0.001 -17"><span class='ocrx_word' id='word_1_90' title='bbox 252 1078 325 1117; x_wconf 92' lang='lat'><strong>10</strong></span> <span class='ocrx_word' id='word_1_91' title='bbox 350 1073 620 1114; x_wconf 90' lang='lat' dir='ltr'><strong>mensura</strong></span> <span class='ocrx_word' id='word_1_92' title='bbox 645 1053 727 1113; x_wconf 89' lang='lat' dir='ltr'><strong>iiii</strong></span> <span class='ocrx_word' id='word_1_93' title='bbox 754 1054 1062 1132; x_wconf 88' lang='lat' dir='ltr'><strong>digitorum</strong></span> <span class='ocrx_word' id='word_1_94' title='bbox 1092 1056 1155 1116; x_wconf 92' lang='lat' dir='ltr'><strong>in</strong></span> <span class='ocrx_word' id='word_1_95' title='bbox 1183 1058 1482 1134; x_wconf 85' lang='lat' dir='ltr'><strong>sarcofago</strong></span> <span class='ocrx_word' id='word_1_96' title='bbox 1520 1076 1734 1132; x_wconf 89' lang='lat' dir='ltr'><strong>corpus</strong></span> <span class='ocrx_word' id='word_1_97' title='bbox 1769 1057 2093 1117; x_wconf 88' lang='lat' dir='ltr'><strong>excederet.</strong></span> <span class='ocrx_word' id='word_1_98' title='bbox 2177 1075 2314 1116; x_wconf 88' lang='lat' dir='ltr'><strong>con-</strong></span> 
     </span>
     <span class='ocr_line' id='line_1_12' title="bbox 351 1151 2313 1230; baseline 0.002 -21"><span class='ocrx_word' id='word_1_99' title='bbox 351 1151 506 1210; x_wconf 92' lang='lat' dir='ltr'><strong>ditus</strong></span> <span class='ocrx_word' id='word_1_100' title='bbox 549 1161 638 1210; x_wconf 91' lang='lat' dir='ltr'><strong>est</strong></span> <span class='ocrx_word' id='word_1_101' title='bbox 679 1162 877 1211; x_wconf 90' lang='lat' dir='ltr'><strong>autem</strong></span> <span class='ocrx_word' id='word_1_102' title='bbox 919 1151 981 1211; x_wconf 92' lang='lat' dir='ltr'><strong>in</strong></span> <span class='ocrx_word' id='word_1_103' title='bbox 1026 1153 1273 1212; x_wconf 90' lang='lat' dir='ltr'><strong>ecclesia</strong></span> <span class='ocrx_word' id='word_1_104' title='bbox 1314 1152 1472 1213; x_wconf 86' lang='lat' dir='ltr'><strong>beati</strong></span> <span class='ocrx_word' id='word_1_105' title='bbox 1519 1152 1774 1212; x_wconf 91' lang='lat' dir='ltr'><strong>doctoris</strong></span> <span class='ocrx_word' id='word_1_106' title='bbox 1826 1152 2104 1230; x_wconf 89' lang='lat' dir='ltr'><strong>gentium,</strong></span> <span class='ocrx_word' id='word_1_107' title='bbox 2147 1151 2313 1212; x_wconf 87' lang='lat' dir='ltr'><strong>cuius</strong></span> 
     </span>
     <span class='ocr_line' id='line_1_13' title="bbox 351 1246 1762 1326; baseline 0.001 -22"><span class='ocrx_word' id='word_1_108' title='bbox 351 1247 594 1304; x_wconf 90' lang='lat' dir='ltr'><strong>edoctus</strong></span> <span class='ocrx_word' id='word_1_109' title='bbox 622 1246 858 1306; x_wconf 89' lang='lat' dir='ltr'><strong>monitis</strong></span> <span class='ocrx_word' id='word_1_110' title='bbox 883 1247 1156 1308; x_wconf 88' lang='lat' dir='ltr'><strong>caelestia</strong></span> <span class='ocrx_word' id='word_1_111' title='bbox 1184 1267 1414 1324; x_wconf 89' lang='lat' dir='ltr'><strong>sperare</strong></span> <span class='ocrx_word' id='word_1_112' title='bbox 1443 1247 1762 1326; x_wconf 32' lang='lat' dir='ltr'><strong>didicerat.-</strong></span> 
     </span>
    </p>
   </div>
   <div class='ocr_carea' id='block_1_3' title="bbox 255 1503 2314 1821">
    <p class='ocr_par' dir='ltr' id='par_1_5' title="bbox 255 1503 2314 1821">
     <span class='ocr_line' id='line_1_14' title="bbox 1267 1503 1396 1561; baseline -0.016 0"><span class='ocrx_word' id='word_1_113' title='bbox 1267 1503 1396 1561; x_wconf 94' lang='lat' dir='ltr'><strong>XII</strong></span> 
     </span>
     <span class='ocr_line' id='line_1_15' title="bbox 493 1631 2314 1700; baseline -0.004 -2"><span class='ocrx_word' id='word_1_114' title='bbox 493 1640 827 1698; x_wconf 93' lang='lat' dir='ltr'>VARTVS</span> <span class='ocrx_word' id='word_1_115' title='bbox 866 1637 1341 1700; x_wconf 80' lang='lat' dir='ltr'><strong>occidentalium</strong></span> <span class='ocrx_word' id='word_1_116' title='bbox 1371 1639 1669 1697; x_wconf 84' lang='lat' dir='ltr'><strong>Saxonum</strong></span> <span class='ocrx_word' id='word_1_117' title='bbox 1696 1632 1936 1694; x_wconf 87' lang='lat' dir='ltr'><strong>antistes</strong></span> <span class='ocrx_word' id='word_1_118' title='bbox 1965 1631 2314 1697; x_wconf 74' lang='lat' dir='ltr'><strong>Lemherius</strong></span> 
     </span>
     <span class='ocr_line' id='line_1_16' title="bbox 255 1730 2313 1821; baseline -0.003 -28"><span class='ocrx_word' id='word_1_119' title='bbox 255 1763 322 1821; x_wconf 86' lang='lat'><strong>15</strong></span> <span class='ocrx_word' id='word_1_120' title='bbox 529 1733 653 1793; x_wconf 88' lang='lat' dir='ltr'><strong>suit.</strong></span> <span class='ocrx_word' id='word_1_121' title='bbox 736 1733 1026 1810; x_wconf 88' lang='lat' dir='ltr'><strong>siquidem</strong></span> <span class='ocrx_word' id='word_1_122' title='bbox 1064 1733 1285 1809; x_wconf 88' lang='lat' dir='ltr'><strong>primus</strong></span> <span class='ocrx_word' id='word_1_123' title='bbox 1325 1732 1567 1804; x_wconf 76' lang='lat' dir='ltr'><strong>BirinuS,</strong></span> <span class='ocrx_word' id='word_1_124' title='bbox 1598 1731 1886 1791; x_wconf 89' lang='lat' dir='ltr'><strong>secundus</strong></span> <span class='ocrx_word' id='word_1_125' title='bbox 1925 1730 2313 1805; x_wconf 77' lang='lat' dir='ltr'><strong>Agilberctu5‚</strong></span> 
     </span>
    </p>
   </div>
   <div class='ocr_carea' id='block_1_4' title="bbox 256 1813 2320 3137">
    <p class='ocr_par' dir='ltr' id='par_1_6' title="bbox 256 1813 2320 3137">
     <span class='ocr_line' id='line_1_17' title="bbox 355 1813 2314 1903; baseline -0.004 -15"><span class='ocrx_word' id='word_1_126' title='bbox 355 1829 552 1888; x_wconf 88' lang='lat' dir='ltr'><strong>tertius</strong></span> <span class='ocrx_word' id='word_1_127' title='bbox 588 1827 778 1889; x_wconf 83' lang='lat' dir='ltr'><strong>extitit</strong></span> <span class='ocrx_word' id='word_1_128' title='bbox 816 1827 971 1887; x_wconf 89' lang='lat' dir='ltr'><strong>Vini.</strong></span> <span class='ocrx_word' id='word_1_129' title='bbox 1053 1846 1307 1903; x_wconf 90' lang='lat' dir='ltr'><strong>cumque</strong></span> <span class='ocrx_word' id='word_1_130' title='bbox 1346 1838 1610 1888; x_wconf 88' lang='lat' dir='ltr'><strong>mortuus</strong></span> <span class='ocrx_word' id='word_1_131' title='bbox 1647 1835 1799 1887; x_wconf 89' lang='lat' dir='ltr'><strong>esset</strong></span> <span class='ocrx_word' id='word_1_132' title='bbox 1841 1823 2169 1886; x_wconf 88' lang='lat' dir='ltr'><strong>Coinualch</strong></span> <span class='ocrx_word' id='word_1_133' title='bbox 2195 1813 2314 1898; x_wconf 91' lang='lat' dir='ltr'><strong>quo</strong></span> 
     </span>
     <span class='ocr_line' id='line_1_18' title="bbox 350 1923 2316 2000; baseline -0.002 -17"><span class='ocrx_word' id='word_1_134' title='bbox 350 1935 628 2000; x_wconf 88' lang='lat' dir='ltr'><strong>regnante</strong></span> <span class='ocrx_word' id='word_1_135' title='bbox 659 1924 817 1984; x_wconf 91' lang='lat' dir='ltr'><strong>idem</strong></span> <span class='ocrx_word' id='word_1_136' title='bbox 850 1923 1194 1985; x_wconf 88' lang='lat' dir='ltr'><strong>Leutherius</strong></span> <span class='ocrx_word' id='word_1_137' title='bbox 1236 1924 1546 2000; x_wconf 85' lang='lat' dir='ltr'><strong>episcopus</strong></span> <span class='ocrx_word' id='word_1_138' title='bbox 1591 1926 1775 1983; x_wconf 88' lang='lat' dir='ltr'><strong>factus</strong></span> <span class='ocrx_word' id='word_1_139' title='bbox 1812 1933 1918 1995; x_wconf 88' lang='lat' dir='ltr'><strong>est,</strong></span> <span class='ocrx_word' id='word_1_140' title='bbox 1963 1931 2316 1997; x_wconf 89' lang='lat' dir='ltr'><strong>acceperunt</strong></span> 
     </span>
     <span class='ocr_line' id='line_1_19' title="bbox 355 2015 2316 2097; baseline -0.002 -18"><span class='ocrx_word' id='word_1_141' title='bbox 355 2020 644 2097; x_wconf 88' lang='lat' dir='ltr'><strong>subreguli</strong></span> <span class='ocrx_word' id='word_1_142' title='bbox 670 2039 913 2097; x_wconf 89' lang='lat' dir='ltr'><strong>regnum</strong></span> <span class='ocrx_word' id='word_1_143' title='bbox 940 2020 1129 2096; x_wconf 85' lang='lat' dir='ltr'><strong>gentis</strong></span> <span class='ocrx_word' id='word_1_144' title='bbox 1156 2030 1217 2079; x_wconf 90' lang='lat' dir='ltr'><strong>et</strong></span> <span class='ocrx_word' id='word_1_145' title='bbox 1243 2020 1498 2079; x_wconf 90' lang='lat' dir='ltr'><strong>diuisum</strong></span> <span class='ocrx_word' id='word_1_146' title='bbox 1534 2020 1686 2080; x_wconf 90' lang='lat' dir='ltr'><strong>inter</strong></span> <span class='ocrx_word' id='word_1_147' title='bbox 1722 2038 1783 2080; x_wconf 88' lang='lat' dir='ltr'><strong>se</strong></span> <span class='ocrx_word' id='word_1_148' title='bbox 1812 2028 2122 2079; x_wconf 89' lang='lat' dir='ltr'><strong>tenuerunt</strong></span> <span class='ocrx_word' id='word_1_149' title='bbox 2149 2015 2316 2076; x_wconf 86' lang='lat' dir='ltr'><strong>annis</strong></span> 
     </span>
     <span class='ocr_line' id='line_1_20' title="bbox 355 2110 2315 2194; baseline -0.003 -18"><span class='ocrx_word' id='word_1_150' title='bbox 355 2117 579 2177; x_wconf 89' lang='lat' dir='ltr'><strong>circiter</strong></span> <span class='ocrx_word' id='word_1_151' title='bbox 617 2138 689 2179; x_wconf 83' lang='lat' dir='ltr'><strong>x:</strong></span> <span class='ocrx_word' id='word_1_152' title='bbox 730 2117 991 2194; x_wconf 87' lang='lat' dir='ltr'><strong>ipsisque</strong></span> <span class='ocrx_word' id='word_1_153' title='bbox 1025 2117 1400 2193; x_wconf 87' lang='lat' dir='ltr'><strong>regnantibus</strong></span> <span class='ocrx_word' id='word_1_154' title='bbox 1444 2118 1757 2176; x_wconf 86' lang='lat' dir='ltr'><strong>defunctus</strong></span> <span class='ocrx_word' id='word_1_155' title='bbox 1801 2126 1889 2175; x_wconf 92' lang='lat' dir='ltr'><strong>est</strong></span> <span class='ocrx_word' id='word_1_156' title='bbox 1932 2113 2031 2174; x_wconf 90' lang='lat' dir='ltr'><strong>ille</strong></span> <span class='ocrx_word' id='word_1_157' title='bbox 2072 2124 2133 2172; x_wconf 90' lang='lat' dir='ltr'><strong>et</strong></span> <span class='ocrx_word' id='word_1_158' title='bbox 2169 2110 2315 2188; x_wconf 88' lang='lat' dir='ltr'><strong>epis-</strong></span> 
     </span>
     <span class='ocr_line' id='line_1_21' title="bbox 256 2210 2314 2289; baseline -0.005 -12"><span class='ocrx_word' id='word_1_159' title='bbox 256 2241 330 2277; x_wconf 87' lang='lat'><strong>20</strong></span> <span class='ocrx_word' id='word_1_160' title='bbox 353 2225 568 2289; x_wconf 88' lang='lat' dir='ltr'><strong>copatu</strong></span> <span class='ocrx_word' id='word_1_161' title='bbox 594 2214 827 2277; x_wconf 83' lang='lat' dir='ltr'><strong>functus</strong></span> <span class='ocrx_word' id='word_1_162' title='bbox 860 2224 950 2272; x_wconf 88' lang='lat' dir='ltr'><strong>est</strong></span> <span class='ocrx_word' id='word_1_163' title='bbox 983 2213 1226 2272; x_wconf 91' lang='lat' dir='ltr'><strong>Haeddi</strong></span> <span class='ocrx_word' id='word_1_164' title='bbox 1262 2232 1370 2288; x_wconf 93' lang='lat' dir='ltr'><strong>pro</strong></span> <span class='ocrx_word' id='word_1_165' title='bbox 1408 2232 1499 2284; x_wconf 90' lang='lat' dir='ltr'><strong>e0‚</strong></span> <span class='ocrx_word' id='word_1_166' title='bbox 1528 2222 1900 2271; x_wconf 90' lang='lat' dir='ltr'><strong>consecratus</strong></span> <span class='ocrx_word' id='word_1_167' title='bbox 1926 2230 1964 2269; x_wconf 90' lang='lat' dir='ltr'><strong>a</strong></span> <span class='ocrx_word' id='word_1_168' title='bbox 1989 2210 2314 2269; x_wconf 88' lang='lat' dir='ltr'><strong>Theodoro</strong></span> 
     </span>
     <span class='ocr_line' id='line_1_22' title="bbox 356 2303 2318 2384; baseline -0.003 -17"><span class='ocrx_word' id='word_1_169' title='bbox 356 2308 419 2367; x_wconf 90' lang='lat' dir='ltr'><strong>in</strong></span> <span class='ocrx_word' id='word_1_170' title='bbox 453 2304 693 2370; x_wconf 80' lang='lat' dir='ltr'><strong>ciuitate</strong></span> <span class='ocrx_word' id='word_1_171' title='bbox 729 2308 1055 2369; x_wconf 76' lang='lat' dir='ltr'><strong>Lundonia.</strong></span> <span class='ocrx_word' id='word_1_172' title='bbox 1140 2308 1303 2367; x_wconf 87' lang='lat' dir='ltr'><strong>cuius</strong></span> <span class='ocrx_word' id='word_1_173' title='bbox 1348 2307 1718 2384; x_wconf 88' lang='lat' dir='ltr'><strong>episcopatus</strong></span> <span class='ocrx_word' id='word_1_174' title='bbox 1761 2317 2025 2382; x_wconf 90' lang='lat' dir='ltr'><strong>tempore</strong></span> <span class='ocrx_word' id='word_1_175' title='bbox 2069 2303 2318 2363; x_wconf 85' lang='lat' dir='ltr'><strong>deuictis</strong></span> 
     </span>
     <span class='ocr_line' id='line_1_23' title="bbox 357 2398 2313 2480; baseline -0.003 -18"><span class='ocrx_word' id='word_1_176' title='bbox 357 2415 532 2479; x_wconf 91' lang='lat' dir='ltr'><strong>atque</strong></span> <span class='ocrx_word' id='word_1_177' title='bbox 576 2403 788 2463; x_wconf 88' lang='lat' dir='ltr'><strong>amotis</strong></span> <span class='ocrx_word' id='word_1_178' title='bbox 835 2402 1155 2480; x_wconf 84' lang='lat' dir='ltr'><strong>subregulis</strong></span> <span class='ocrx_word' id='word_1_179' title='bbox 1203 2403 1524 2463; x_wconf 89' lang='lat' dir='ltr'><strong>Caedualla</strong></span> <span class='ocrx_word' id='word_1_180' title='bbox 1570 2400 1826 2476; x_wconf 89' lang='lat' dir='ltr'><strong>suscepit</strong></span> <span class='ocrx_word' id='word_1_181' title='bbox 1878 2398 2186 2475; x_wconf 87' lang='lat' dir='ltr'><strong>imperium</strong></span> <span class='ocrx_word' id='word_1_182' title='bbox 2239 2408 2313 2470; x_wconf 87' lang='lat' dir='ltr'><strong>et,</strong></span> 
     </span>
     <span class='ocr_line' id='line_1_24' title="bbox 358 2491 2319 2569; baseline -0.004 -13"><span class='ocrx_word' id='word_1_183' title='bbox 358 2517 493 2558; x_wconf 89' lang='lat' dir='ltr'><strong>cum</strong></span> <span class='ocrx_word' id='word_1_184' title='bbox 544 2500 776 2559; x_wconf 91' lang='lat' dir='ltr'><strong>duobus</strong></span> <span class='ocrx_word' id='word_1_185' title='bbox 828 2499 997 2558; x_wconf 89' lang='lat' dir='ltr'><strong>annis</strong></span> <span class='ocrx_word' id='word_1_186' title='bbox 1047 2500 1165 2559; x_wconf 90' lang='lat' dir='ltr'><strong>hoc</strong></span> <span class='ocrx_word' id='word_1_187' title='bbox 1217 2497 1517 2569; x_wconf 89' lang='lat' dir='ltr'><strong>tenuisset,</strong></span> <span class='ocrx_word' id='word_1_188' title='bbox 1571 2495 1811 2555; x_wconf 89' lang='lat' dir='ltr'><strong>tandem</strong></span> <span class='ocrx_word' id='word_1_189' title='bbox 1864 2491 2099 2569; x_wconf 88' lang='lat' dir='ltr'><strong>superni</strong></span> <span class='ocrx_word' id='word_1_190' title='bbox 2156 2491 2319 2567; x_wconf 92' lang='lat' dir='ltr'><strong>regni</strong></span> 
     </span>
     <span class='ocr_line' id='line_1_25' title="bbox 359 2585 2318 2671; baseline -0.005 -19"><span class='ocrx_word' id='word_1_191' title='bbox 359 2610 555 2653; x_wconf 88' lang='lat' dir='ltr'><strong>amore</strong></span> <span class='ocrx_word' id='word_1_192' title='bbox 582 2604 966 2671; x_wconf 90' lang='lat' dir='ltr'><strong>compunctus</strong></span> <span class='ocrx_word' id='word_1_193' title='bbox 992 2592 1223 2669; x_wconf 90' lang='lat' dir='ltr'><strong>reliquit</strong></span> <span class='ocrx_word' id='word_1_194' title='bbox 1250 2594 1464 2652; x_wconf 91' lang='lat' dir='ltr'><strong>eodem</strong></span> <span class='ocrx_word' id='word_1_195' title='bbox 1490 2590 1682 2649; x_wconf 88' lang='lat' dir='ltr'><strong>adhuc</strong></span> <span class='ocrx_word' id='word_1_196' title='bbox 1715 2590 1980 2665; x_wconf 90' lang='lat' dir='ltr'><strong>praesule</strong></span> <span class='ocrx_word' id='word_1_197' title='bbox 2008 2585 2318 2645; x_wconf 88' lang='lat' dir='ltr'><strong>ecclesiam</strong></span> 
     </span>
     <span class='ocr_line' id='line_1_26' title="bbox 263 2679 2319 2770; baseline -0.006 -18"><span class='ocrx_word' id='word_1_198' title='bbox 263 2711 330 2770; x_wconf 88' lang='lat'><strong>25</strong></span> <span class='ocrx_word' id='word_1_199' title='bbox 357 2689 757 2762; x_wconf 83' lang='lat' dir='ltr'><strong>gubernante3</strong></span> <span class='ocrx_word' id='word_1_200' title='bbox 819 2708 892 2747; x_wconf 90' lang='lat' dir='ltr'><strong>ac</strong></span> <span class='ocrx_word' id='word_1_201' title='bbox 944 2691 1199 2750; x_wconf 88' lang='lat' dir='ltr'><strong>Romam</strong></span> <span class='ocrx_word' id='word_1_202' title='bbox 1251 2688 1455 2748; x_wconf 84' lang='lat' dir='ltr'><strong>abiens</strong></span> <span class='ocrx_word' id='word_1_203' title='bbox 1507 2687 1589 2746; x_wconf 90' lang='lat' dir='ltr'><strong>ibi</strong></span> <span class='ocrx_word' id='word_1_204' title='bbox 1640 2685 1821 2746; x_wconf 89' lang='lat' dir='ltr'><strong>uitam</strong></span> <span class='ocrx_word' id='word_1_205' title='bbox 1873 2681 2075 2755; x_wconf 88' lang='lat' dir='ltr'><strong>finiuit,</strong></span> <span class='ocrx_word' id='word_1_206' title='bbox 2129 2690 2196 2740; x_wconf 89' lang='lat' dir='ltr'><strong>ut</strong></span> <span class='ocrx_word' id='word_1_207' title='bbox 2257 2679 2319 2739; x_wconf 88' lang='lat' dir='ltr'><strong>in</strong></span> 
     </span>
     <span class='ocr_line' id='line_1_27' title="bbox 360 2783 1412 2859; baseline -0.001 -16"><span class='ocrx_word' id='word_1_208' title='bbox 360 2783 736 2859; x_wconf 89' lang='lat' dir='ltr'><strong>sequentibus</strong></span> <span class='ocrx_word' id='word_1_209' title='bbox 761 2783 936 2844; x_wconf 89' lang='lat' dir='ltr'><strong>latius</strong></span> <span class='ocrx_word' id='word_1_210' title='bbox 962 2783 1278 2843; x_wconf 90' lang='lat' dir='ltr'><strong>dicendum</strong></span> <span class='ocrx_word' id='word_1_211' title='bbox 1307 2794 1412 2842; x_wconf 88' lang='lat' dir='ltr'><strong>est.</strong></span> 
     </span>
     <span class='ocr_line' id='line_1_28' title="bbox 476 2869 2317 2944; baseline -0.005 -5"><span class='ocrx_word' id='word_1_212' title='bbox 476 2881 657 2940; x_wconf 90' lang='lat' dir='ltr'><strong>Anno</strong></span> <span class='ocrx_word' id='word_1_213' title='bbox 683 2889 904 2939; x_wconf 73' lang='lat' dir='ltr'><strong>autem</strong></span> <span class='ocrx_word' id='word_1_214' title='bbox 956 2879 1285 2940; x_wconf 87' lang='lat' dir='ltr'><strong>dominicae</strong></span> <span class='ocrx_word' id='word_1_215' title='bbox 1332 2873 1747 2937; x_wconf 86' lang='lat' dir='ltr'><strong>incarnationis</strong></span> <span class='ocrx_word' id='word_1_216' title='bbox 1793 2873 1904 2933; x_wconf 74' lang='grc' dir='ltr'><strong>(1ιιιο</strong></span> <span class='ocrx_word' id='word_1_217' title='bbox 1944 2874 2148 2932; x_wconf 77' lang='lat' dir='ltr'><strong>clxx¹¹¹⁰</strong></span> <span class='ocrx_word' id='word_1_218' title='bbox 2190 2869 2317 2944; x_wconf 59' lang='lat' dir='ltr'><strong>uim,</strong></span> 
     </span>
     <span class='ocr_line' id='line_1_29' title="bbox 359 2966 2320 3045; baseline -0.005 -11"><span class='ocrx_word' id='word_1_219' title='bbox 359 2995 494 3035; x_wconf 90' lang='lat' dir='ltr'><strong>cum</strong></span> <span class='ocrx_word' id='word_1_220' title='bbox 536 2975 816 3036; x_wconf 86' lang='lat' dir='ltr'><strong>Aedilred</strong></span> <span class='ocrx_word' id='word_1_221' title='bbox 856 2992 960 3035; x_wconf 83' lang='lat' dir='ltr'><strong>rex</strong></span> <span class='ocrx_word' id='word_1_222' title='bbox 1011 2974 1366 3035; x_wconf 87' lang='lat' dir='ltr'><strong>Merciorum</strong></span> <span class='ocrx_word' id='word_1_223' title='bbox 1420 2974 1678 3032; x_wconf 89' lang='lat' dir='ltr'><strong>adducto</strong></span> <span class='ocrx_word' id='word_1_224' title='bbox 1744 2969 2001 3045; x_wconf 89' lang='lat' dir='ltr'><strong>maligno</strong></span> <span class='ocrx_word' id='word_1_225' title='bbox 2068 2966 2320 3027; x_wconf 84' lang='lat' dir='ltr'><strong>exercitu</strong></span> 
     </span>
     <span class='ocr_line' id='line_1_30' title="bbox 361 3062 2320 3137; baseline -0.007 -3"><span class='ocrx_word' id='word_1_226' title='bbox 361 3071 634 3136; x_wconf 83' lang='lat' dir='ltr'><strong>cantiam</strong></span> <span class='ocrx_word' id='word_1_227' title='bbox 680 3080 931 3130; x_wconf 81' lang='lat' dir='ltr'><strong>uastaret</strong></span> <span class='ocrx_word' id='word_1_228' title='bbox 978 3080 1036 3129; x_wconf 89' lang='lat' dir='ltr'><strong>et</strong></span> <span class='ocrx_word' id='word_1_229' title='bbox 1081 3069 1356 3129; x_wconf 89' lang='lat' dir='ltr'><strong>ecclesias</strong></span> <span class='ocrx_word' id='word_1_230' title='bbox 1395 3087 1468 3127; x_wconf 91' lang='lat' dir='ltr'><strong>ac</strong></span> <span class='ocrx_word' id='word_1_231' title='bbox 1507 3063 1859 3127; x_wconf 86' lang='lat' dir='ltr'><strong>monasteria</strong></span> <span class='ocrx_word' id='word_1_232' title='bbox 1894 3062 2020 3122; x_wconf 88' lang='lat' dir='ltr'><strong>sine</strong></span> <span class='ocrx_word' id='word_1_233' title='bbox 2051 3071 2320 3137; x_wconf 87' lang='lat' dir='ltr'><strong>respectu</strong></span> 
     </span>
    </p>
   </div>
  </div>
 </body>
</html>
