2567 3750
242 56 521 140 (19)=17]
554 75 789 124 AEDJL
801 75 943 125 THR
954 74 1114 137 γοΑ,
1152 75 1347 126 KJNG
1373 56 1758 125 EC'GFRJD’S
1790 76 2060 138 QUEEN.
2106 82 2129 119 1
2143 75 2214 137 27

1114 301 1318 385 [XIX]

247 458 679 580 ACCEPIT
726 466 922 517 autem
959 475 1061 516 rex
1099 455 1335 532 Ecgfrid
1381 455 1690 534 coniugem
1737 456 1979 520 nomine
2023 459 2221 518 Aedil-

413 555 698 632 thrydam,
755 553 933 611 filiam
987 555 1164 614 Anna
1215 551 1367 627 regis
1423 552 1807 612 Orientalium
1872 556 2217 631 Anglorum‚

247 653 410 712 cuius
438 651 666 728 saepius
693 650 1053 709 mentionem
1088 649 1349 724 fecimuS,
1391 649 1500 709 uiri
1541 651 1696 710 bene
1731 649 1984 727 religiosi
2018 670 2090 710 ac
2117 671 2222 727 per

190 778 218 834 5
249 750 447 810 omnia
491 758 691 808 mente
735 758 795 807 et
841 765 1017 822 opere
1063 745 1308 822 egregii:
1368 765 1546 822 quam
1590 756 1650 806 et
1695 748 1842 806 alter
1882 757 2019 807 ante
2054 747 2219 806 illum

251 844 338 902 uir
372 844 655 903 habuerat
697 861 954 913 uxorem,
991 840 1264 918 princeps
1307 839 1584 900 uidelicet
1629 840 1969 901 australium
2016 840 2222 902 Gurui-

250 961 417 1001 orum
461 942 753 1000 uocabulo
794 938 1153 1000 Tondberct.
1238 939 1345 996 sed
1398 937 1499 996 illo
1551 949 1686 1013 post
1739 936 2038 997 modicum
2079 948 2223 998 tem·

250 1037 405 1114 poris
432 1057 507 1098 ex
538 1056 657 1114 quo
695 1056 825 1096 eam
862 1034 1088 1111 accepit
1121 1034 1414 1106 defunct0‚
1460 1034 1598 1093 data
1640 1043 1728 1093 est
1766 1032 1886 1110 regi
1925 1035 2223 1110 praefato:

251 1131 415 1192 cuius
468 1130 763 1192 consortio
817 1150 952 1189 cum
1006 1129 1085 1189 xii
1131 1129 1301 1189 annis
1353 1139 1625 1201 uteretur,
1681 1141 1964 1204 perpetua
2024 1141 2223 1190 tamen

155 1253 225 1290 10
254 1228 465 1287 mansit
506 1226 850 1303 uirginitatis
900 1225 1225 1303 integritate
1267 1223 1553 1302 gloriosa:
1597 1225 1746 1285 sicut
1789 1226 2056 1288 mihimet
2088 1228 2225 1289 scis-

252 1324 470 1396 citanti,
502 1344 638 1383 cum
665 1324 781 1384 hoc
807 1343 885 1383 an
912 1323 994 1381 ita
1023 1332 1174 1382 esset
1202 1320 1552 1397 quibusdam
1580 1320 1836 1382 uenisset
1869 1321 1929 1381 in
1959 1323 2220 1401 dubium,

252 1425 459 1481 beatae
512 1420 828 1480 memoriae
895 1418 1105 1479 Vilfrid
1172 1417 1481 1497 episcopus
1547 1419 1847 1492 referebat,
1904 1419 2107 1480 dicens
2159 1441 2223 1481 se

251 1526 460 1575 testem
488 1514 830 1591 integritatis
859 1513 983 1575 eius
1011 1533 1140 1576 esse
1176 1512 1595 1574 certissimum:
1636 1514 1789 1573 adeo
1824 1513 2223 1593 ut'Ecg-fridus

252 1611 577 1687 promiserit
613 1631 675 1671 se
713 1611 767 1671 ei
804 1621 982 1673 terras
1014 1629 1084 1668 ac
1120 1609 1398 1685 pecunias
1431 1611 1645 1669 multas
1679 1629 1805 1670 esse
1855 1611 2221 1684 donaturum,

161 1727 221 1782 15
253 1708 301 1766 si
341 1708 573 1784 reginae
606 1719 803 1784 posset
842 1708 1192 1783 persuadere
1232 1705 1358 1765 eius
1398 1705 1483 1764 uti
1523 1705 1796 1780 conubio,
1827 1706 1964 1784 quia
2003 1706 2227 1768 sciebat

255 1805 411 1862 illam
464 1806 690 1863 nullum
733 1804 988 1863 uirorum
1033 1804 1164 1880 plus
1201 1801 1304 1861 illo
1348 1801 1597 1879 diligere.
1681 1822 1794 1862 nec
1837 1804 2224 1865 diffidendum

257 1912 343 1960 est
370 1911 568 1961 nostra
595 1900 771 1961 etiam
800 1911 989 1959 aetate
1015 1899 1139 1959 fieri
1166 1900 1441 1977 potuisse,
1468 1901 1627 1975 quod
1655 1919 1806 1961 aeuo
1833 1904 2224 1977 praecedente

255 1995 562 2073 aliquoties
609 1999 830 2056 facturn
876 1997 1079 2056 fideles
1126 1995 1402 2054 historiae
1455 2009 1725 2058 narrant:
1788 1999 2048 2058 donante
2101 2018 2224 2059 uno

256 2093 585 2169 eodemque
614 2092 874 2166 domino,
905 2092 1007 2169 qui
1044 2111 1107 2150 se
1143 2091 1451 2152 nobiscum
1489 2111 1674 2168 usque
1710 2091 1771 2151 in
1798 2095 1976 2153 finem
2006 2094 2223 2153 saeculi

157 2204 229 2241 20
256 2206 489 2247 manere
515 2189 834 2264 pollicetur.
917 2207 1057 2247 nam
1094 2187 1269 2249 etiam
1306 2187 1535 2263 signum
1571 2187 1756 2249 diuini
1796 2189 2072 2262 miraculi,
2103 2210 2223 2266 quo

256 2285 518 2345 eiusdem
560 2285 809 2345 feminae
851 2285 1078 2361 sepulta
1113 2303 1249 2343 caro
1285 2284 1575 2361 corrumpi
1607 2305 1735 2347 non·
1768 2285 1975 2362 potuit,
2007 2284 2224 2347 indicio

255 2392 343 2440 est
370 2381 509 2460 quia
534 2400 570 2440 a
597 2379 705 2439 uiri
731 2390 1006 2438 contactu
1033 2379 1365 2456 incorrupta
1392 2381 1699 2441 durauerit.

376 2478 544 2551 Quae
570 2477 821 2536 multum
850 2475 951 2534 diu
979 2493 1174 2550 regem
1201 2476 1517 2550 postulan5‚
1538 2486 1603 2535 ut
1624 2476 1841 2536 saeculi
1868 2495 2034 2540 curas
2060 2479 2226 2538 relin-

258 2589 435 2647 quere
462 2581 636 2646 atque
665 2568 725 2628 in
752 2569 1105 2628 monasterio
1142 2580 1368 2628 tantum
1405 2589 1546 2629 uero
1582 2570 1702 2646 regi
1742 2571 1976 2631 Christo
2010 2573 2225 2633 seruire

159 2685 225 2740 25
257 2664 693 2739 permitteretur,
724 2664 825 2725 ubi
860 2664 961 2725 uix
996 2663 1314 2740 aliquando
1355 2663 1683 2740 inpetrauit,
1721 2665 1956 2726 intrauit
1992 2687 2224 2727 monas-

259 2760 467 2821 terium
517 2762 742 2820 Aebbae
795 2762 1121 2820 abbatissae
1165 2779 1317 2836 quae
1361 2772 1482 2823 erat
1530 2762 1708 2821 amita
1750 2763 1899 2840 regis
1947 2766 2222 2841 Ecgfridi,
