2567 3750
264 74 378 145 *40
763 81 920 131 ΒΕΑ
934 79 1037 129 TH
1064 73 1177 129 'OF
1208 76 1495 127 ABBESS
1532 75 1738 125 HJLD.
2133 56 2250 139 [IV

258 211 486 274 ancillis
515 208 732 274 Christi
759 229 911 287 quae
939 221 1102 270 erant
1128 207 1188 269 in
1218 209 1433 268 eodem
1454 204 1825 277 monasterie,
1857 205 1934 265 de
1962 205 2252 288 seruanda

257 329 359 370 eas
401 307 659 368 inuicem
701 305 886 367 immo
941 325 1079 365 cum
1121 294 1407 364 omnibus'
1452 319 1600 378 pace
1645 299 1988 376 euangelica
2028 318 2253 360 ammo-

260 415 441 478 neret,
480 403 631 463 inter
667 403 849 463 uerba
882 399 1300 461 exhortationis
1340 400 1510 477 laeta¹
1539 408 1791 456 mortem
1835 395 2002 468 uidit,
2045 394 2245 470 immo,

258 513 327 562 ut
350 500 545 561 uerbis
572 498 801 561 domini
827 501 1049 575 loquar,
1080 499 1158 558 de
1184 508 1373 556 morte
1400 495 1665 557 transiuit
1692 496 1771 555 ad
1798 494 1999 554 uitam.

379 597 518 670 Qua
544 594 824 655 uidelicet
851 605 1027 655 nocte
1055 593 1332 654 dominus
1373 591 1753 668 omnipotens
1796 590 2024 650 obitum
2066 586 2249 666 ipsius

258 690 321 752 in
348 692 464 751 alio
486 691 718 768 longius
737 690 932 768 posito
962 688 1332 763 monasteri0‚
1358 689 1522 765 quod
1549 688 1676 765 ipsa
1693 689 1914 753 eodem,
1933 705 2093 746 anno
2113 704 2250 746 con·

257 799 539 850 struxerat
578 801 639 849 et
677 790 1002 866 appellatur
1039 790 1340 858 HacanOS,
1373 785 1682 845 manifesta
1721 784 1952 843 uisione
1990 785 2248 844 reuelare

258 886 533 963 dignatus
557 896 663 945 est.
711 893 831 945 erat
857 883 919 943 in
946 883 1076 961 ipso
1096 881 1451 943 monasterio
1479 882 1769 958 quaedam
1792 879 2249 941 sanctimonialis

258 982 478 1043 femina
513 981 754 1043 nomine
787 984 969 1058 Begu,
1021 1000 1173 1057 quae
1214 1001 1331 1038 xxx
1376 991 1435 1041 et
1467 980 1719 1057 amplius
1752 999 1941 1040 annos
1977 979 2249 1039 dedicata

258 1080 506 1141 domino
550 1078 879 1155 uirginitate
928 1078 988 1137 in
1036 1077 1384 1138 monachica
1436 1077 1884 1138 conuersatione
1938 1076 2243 1139 seruiebat.

257 1177 409 1235 haec
447 1186 591 1235 tunc
626 1174 688 1234 in
722 1173 1069 1234 dormitorio
1099 1192 1371 1233 sororum
1407 1193 1664 1250 pausans
1696 1173 1925 1234 audiuit
1952 1172 2150 1233 subito
2185 1172 2248 1232 in

259 1290 394 1331 aere
442 1281 650 1330 notum
706 1258 1032 1345 campanae
1062 1289 1309 1343 sonum,
1360 1289 1481 1346 quo
1536 1270 1615 1329 ad
1668 1268 1960 1329 orationes
2010 1266 2250 1328 excitari

258 1369 357 1427 uel
396 1366 714 1427 conuocari
753 1367 1020 1427 solebant
1060 1386 1196 1426 cum
1238 1366 1371 1443 quis
1411 1386 1616 1427 eorum
1657 1368 1733 1427 de
1774 1367 2011 1426 saeculo
2047 1363 2251 1426 fuisset

258 1476 558 1538 euocatuS,
586 1461 934 1541 apertisque,
963 1473 1030 1523 ut
1054 1463 1168 1523 sibi
1194 1462 1520 1536 uidebatur,
1550 1463 1735 1524 oculis
1762 1462 1986 1539 aspexit
2011 1463 2250 1523 detecto

259 1561 477 1620 domus
503 1558 761 1619 culmine
783 1560 972 1618 fusam
1009 1560 1263 1636 desuper
1299 1560 1493 1618 lucem
1531 1559 1733 1619 omnia
1768 1558 2124 1635 replenisse:
2151 1556 2250 1617 cui

260 1654 538 1718 uidelicet
580 1654 698 1716 luci
744 1657 889 1716 dum
926 1656 1176 1716 sollicita
1215 1655 1566 1729 intenderet,
1610 1654 1758 1716 uidit
1796 1655 2058 1716 animam
2089 1672 2250 1731 prae-

259 1756 412 1815 fatae
454 1752 552 1813 dei
591 1754 843 1813 famulae
883 1752 946 1811 in
986 1751 1115 1829 ipsa
1154 1754 1289 1813 luce
1331 1752 1750 1812 comitantibus
1785 1772 1856 1813 ac
1896 1751 2249 1812 ducentibus

260 1848 484 1926 angelis
527 1849 603 1908 ad
647 1834 876 1908 caelum
919 1847 1066 1909 ferri.
1151 1834 1408 1925 cumque
1457 1867 1668 1909 somno
1723 1867 1969 1908 excussa
2022 1846 2248 1907 uideret

260 1959 484 2007 ceteras
517 1955 836 2023 pausantes
871 1945 1028 2004 circa
1067 1964 1131 2005 se
1174 1965 1419 2019 sorores,
1454 1945 1737 2005 intellexit
1784 1946 1881 2007 uel
1917 1944 1981 2004 in
2018 1942 2249 2004 somnio

259 2045 361 2103 uel
412 2042 476 2101 in
531 2041 758 2101 uisione
813 2041 1027 2102 mentis
1078 2052 1384 2103 ostensum
1439 2042 1550 2104 sibi
1603 2062 1732 2103 esse
1786 2043 1949 2119 quod
2005 2041 2244 2101 uiderat.

259 2137 576 2215 statimque
603 2156 917 2213 exsurgens
945 2138 1129 2200 nimio
1156 2129 1366 2199 timore
1406 2138 1708 2215 perterrita
1742 2138 1996 2199 cucurrit
2028 2139 2109 2197 ad
2141 2136 2251 2197 uir-

257 2232 460 2309 ginem
502 2251 657 2309 quae
695 2243 837 2291 tunc
880 2234 1236 2294 monasterio
1282 2234 1616 2295 abbatissae
1663 2233 1796 2294 uice
1837 2233 2103 2310 praefuit,
2152 2231 2250 2292 cui

261 2348 483 2390 nomen
522 2340 646 2389 erat
688 2327 919 2406 Frigyd,
944 2330 1205 2406 fletuque
1232 2350 1304 2391 ac
1340 2330 1593 2390 lacrimis
1632 2332 1886 2389 multum
1922 2331 2154 2406 perfusa
2179 2347 2251 2387 ac

261 2426 509 2503 suspiria
552 2427 730 2502 longa
782 2428 1017 2487 trahens
1072 2428 1369 2489 nuntiauit
1421 2439 1668 2489 matrem
1712 2427 1942 2487 illarum
1985 2425 2250 2485 omnium

264 2522 416 2582 Hild
450 2520 807 2582 abbatissam
847 2521 965 2580 iarn
1003 2523 1277 2599 migrasse
1316 2525 1392 2584 de
1425 2525 1663 2584 saeculo
1710 2533 1772 2584 et
1812 2542 1875 2582 se
1911 2533 2250 2598 aspectante

259 2638 400 2677 cum
433 2618 568 2677 luce
604 2616 872 2678 inmensa
902 2621 1154 2680 ducibus
1186 2622 1411 2698 angelis
1452 2624 1528 2683 ad
1565 2632 1835 2682 aeternae
1867 2619 2071 2679 limina
2106 2620 2252 2680 lucis

261 2727 322 2776 et
349 2736 734 2794 supernorum
763 2717 1059 2779 consortia
1082 2717 1306 2777 ciuium
1339 2717 1689 2780 ascendisse.
1775 2716 1941 2793 quod
1978 2734 2117 2775 cum
2153 2714 2253 2774 illa

262 2811 539 2887 audisset,
579 2815 883 2875 suscitauit
919 2826 1165 2875 cunctas
1211 2833 1440 2875 sorores
1476 2826 1539 2875 et
1582 2813 1647 2874 in
1679 2813 1989 2874 ecclesiam
2031 2829 2255 2871 conuo-

261 2919 421 2968 catas
449 2910 809 2972 orationibus
836 2931 908 2970 ac
941 2910 1179 2989 psalmis
1216 2932 1325 2990 pro
1362 2912 1561 2972 anima
1601 2910 1801 2971 matris
1837 2929 2079 2987 operam
2111 2911 2251 2970 dare

2315 609 2348 668 5

2282 1101 2352 1138 10

2283 1579 2349 1638 Ῑ5

2282 2071 2355 2108 20

2283 2547 2351 2606 25

265 3003 510 3064 monuit.
556 3007 721 3082 quod
747 3026 883 3066 cum
911 3008 1148 3068 residuo
1166 3008 1358 3069 noctis
1386 3020 1650 3085 tempore
1669 3007 1979 3085 diligenter
1993 3018 2247 3084 agerent,
2279 3029 2357 3083 30

263 3111 552 3161 uenerunt
578 3103 768 3178 primo
796 3104 1056 3165 diluculo
1084 3106 1305 3178 fratreS‚
1346 3105 1448 3183 qui
1475 3105 1601 3166 eius
1637 3104 1867 3165 obitum
1896 3104 2247 3175 nuntiarent,

261 3212 300 3252 a
325 3194 460 3254 loco
497 3196 600 3257 ubi
640 3200 921 3259 defuncta
956 3212 1061 3261 est.
1145 3211 1209 3263 at
1243 3202 1377 3263 illae
1413 3203 1839 3278 respondentes
1875 3200 2147 3261 dixerunt
2185 3218 2251 3260 se

584 3307 605 3341 ²
634 3312 833 3361 ancellis
862 3328 924 3376 pr
944 3330 1076 3363 marr.
1506 3312 1550 3348 ⁸¹
1580 3316 1796 3365 deluculo
1830 3331 1919 3367 ms.
