2567 3750
270 1 367 84 27]
635 17 952 68 PLAGUE.
1016 15 1358 68 ENGLJSH
1386 15 1484 66 IN
1516 15 1870 66 [RELAND.
2164 14 2235 74 79

1129 278 1380 339 XXVII

461 544 618 601 facta
654 552 777 601 erat
824 541 1053 618 eclipsis
1091 541 1230 601 solis
1278 541 1376 601 die
1418 541 1590 604 tertio
1626 542 1844 603 mensis
1902 544 2050 603 Maii
2097 545 2241 604 hora

264 638 488 698 circiter
531 648 598 696 κ’*
643 636 797 697 diei:
873 656 993 714 quo
1038 637 1215 696 etiam
1259 655 1420 695 anno
1467 636 1662 696 subita
1705 637 2071 713 pestilentiae
2111 640 2240 699 lues

203 747 233 803 5
265 735 634 811 depopulatis
702 734 860 811 prius
929 732 1274 792 australibus
1336 730 1655 790 Brittaniae
1713 730 1914 807 plagis,
1971 733 2030 791 N
2036 733 2243 793 ordan-

263 831 638 907 hymbrorum
695 850 935 915 quoque
996 827 1364 906 prouinciam
1420 829 1736 905 corripiens
1799 840 1978 906 atque
2029 832 2241 892 acerba

264 930 431 989 clade
472 929 691 989 diutius
727 932 903 1004 longe
939 930 1174 1005 lateque
1211 927 1572 1000 desaeuiem,
1618 947 1892 1004 magnam
1932 929 2239 989 hominum

263 1024 700 1084 multitudinem
727 1023 942 1082 strauit.
1028 1042 1146 1098 qua
1171 1024 1346 1099 plaga
1379 1025 1674 1098 praefatus
1708 1023 1933 1083 domini
1969 1026 2240 1085 sacerdos

261 1120 438 1181 Tuda
479 1130 678 1195 raptus
713 1130 804 1179 est
839 1120 917 1178 de
953 1119 1194 1190 mund0,
1235 1127 1297 1177 et
1332 1117 1395 1176 in
1435 1119 1791 1179 monasterio
1828 1120 1990 1194 quod
2032 1120 2241 1179 dicitur

168 1234 235 1270 ιο
264 1218 649 1293 Paegnalaech
684 1215 1006 1275 honorifice
1042 1215 1320 1290 sepultus,
1404 1215 1551 1274 haec
1586 1225 1785 1274 autem
1816 1217 1987 1291 plaga
2026 1215 2238 1276 Hiber-

260 1313 420 1372 niam
460 1333 696 1390 quoque
733 1312 983 1372 insulam
1026 1310 1150 1387 pari
1193 1312 1362 1370 clade
1406 1312 1723 1387 premebat.
1811 1323 1974 1371 erant
2016 1311 2239 1373 ibidem

262 1427 337 1468 eo
378 1421 642 1486 tempore
685 1406 852 1468 multi
894 1406 1180 1467 nobilium
1223 1407 1394 1465 simul
1436 1417 1495 1466 et
1534 1406 1916 1466 mediocrium
1952 1408 2029 1467 de
2064 1419 2239 1485 gente

261 1506 606 1579 Anglorum,
662 1502 763 1579 qui
815 1512 1081 1578 ternpore
1138 1501 1349 1560 Finani
1397 1512 1455 1562 et
1505 1502 1778 1561 Colmani
1831 1501 2239 1579 episcoporum

263 1598 464 1658 relicta
506 1599 697 1657 insula
734 1597 921 1674 patria
958 1600 1051 1657 uel
1089 1597 1327 1656 diuinae
1363 1596 1631 1656 lectionis
1667 1599 1762 1656 uel
1799 1598 2238 1659 continentioris

173 1710 233 1767 15
262 1696 416 1777 uitae
460 1695 643 1772 gratia
688 1695 790 1755 illo
838 1706 1210 1754 secesserant.
1299 1704 1358 1753 et
1402 1693 1640 1770 quidam
1694 1693 1935 1770 quidem
1981 1714 2122 1756 mox
2174 1717 2238 1756 se

263 1793 623 1853 monasticae
649 1790 1079 1851 conuersationi
1116 1790 1367 1850 fideliter
1402 1790 1900 1866 mancipauerunt,
1930 1792 2028 1852 alii
2055 1793 2237 1869 magis

262 1889 620 1949 circueundo
673 1909 779 1966 per
829 1891 1007 1948 cellas
1061 1888 1467 1964 magistrorum
1521 1888 1760 1947 lectioni
1813 1890 2051 1965 operam
2100 1892 2237 1949 dare

260 1988 633 2062 gaudebant:
701 2007 850 2063 quos
904 2006 1111 2047 omnes
1165 1986 1349 2045 Scotti
1406 1985 1785 2050 libentissime
1839 1986 2234 2062 suscipiente5‚

260 2083 485 2142 uictum
521 2084 604 2143 eis
640 2084 1000 2144 cotidianum
1042 2083 1167 2143 sine
1209 2083 1414 2159 preti0,
1445 2083 1624 2143 libros
1660 2102 1897 2159 quoque
1933 2085 2010 2142 ad
2047 2085 2237 2160 legen-

164 2190 234 2227 20
262 2179 403 2237 dum
432 2189 491 2237 et
518 2178 914 2255 magisterium
940 2178 1252 2255 gratuitum
1281 2180 1560 2256 praebere
1587 2182 1884 2239 curabant.

382 2275 564 2332 Erant
590 2274 739 2332 inter
764 2275 873 2333 hos
903 2275 1023 2334 duo
1049 2273 1291 2334 iuuenes
1318 2293 1565 2350 magnae
1593 2273 1807 2334 indolis
1836 2275 1912 2334 de
1938 2274 2234 2335 nobilibus

258 2369 602 2443 Anglorum‚
656 2368 912 2432 Edilhun
961 2379 1020 2428 et
1068 2371 1375 2445 Ecgberct‚
1422 2388 1671 2445 quorum
1717 2369 1874 2446 prior
1913 2370 2088 2428 frater
2126 2370 2235 2429 fuit

262 2463 540 2536 Ediluini‚
578 2463 688 2523 uiri
728 2483 917 2540 aeque
954 2465 1071 2523 deo
1108 2464 1309 2524 dilecti
1347 2463 1447 2541 qui
1492 2473 1551 2523 et
1592 2483 1718 2540 ipse
1761 2483 1912 2524 aeuo
1953 2475 2235 2540 sequente

192 2586 201 2592 >
262 2559 613 2620 Hiberniam
655 2561 839 2638 'gratia
878 2561 1115 2637 legendi
1158 2560 1304 2620 adiit
1344 2571 1404 2620 et
1439 2563 1593 2620 bene
1639 2561 1948 2620 instructus
1987 2561 2233 2637 patriam

162 2661 230 2721 25
261 2655 428 2714 rediit
469 2666 648 2732 atque
693 2656 1000 2732 episcopus
1047 2655 1109 2715 in
1152 2655 1458 2731 prouincia
1512 2649 1766 2715 Lin'dissi
1818 2658 2004 2715 factus
2047 2658 2233 2717 multo

261 2749 566 2809 ecclesiam
612 2759 877 2825 tempore
924 2750 1285 2810 nobilissime
1327 2749 1487 2810 rexit.
1571 2750 1631 2808 hi
1680 2770 1816 2826 ergo
1860 2770 1995 2809 cum
2038 2762 2233 2811 essent

256 2844 320 2903 in
345 2845 701 2904 monasterio
728 2846 889 2921 quod
917 2845 1116 2921 lingua
1142 2847 1475 2905 Scottorum
1498 2844 1885 2921 Rathmelsigi
1910 2845 2235 2920 appellatur

259 2952 318 3001 et
346 2959 552 3001 omnes
589 2941 735 3001 socii
770 2941 1030 3017 ipsorum
1071 2943 1169 3000 uel
1205 2941 1558 3001 mortalitate
1586 2942 1661 3000 de
1689 2942 1923 2999 saeculo
1954 2939 2104 3016 rapti
2135 2943 2231 3000 uel

257 3054 363 3083 nm·
407 3034 522 3083 alia
565 3046 760 3083 essent
811 3037 935 3083 inc-n
998 3034 1257 3083 dimersi-
1319 3035 1562 3083 corre-nti
1621 3045 1757 3083 enm·
1799 3035 1977 3083 amhn
2022 3036 2231 3083 mni-bn
