2567 3750
261 233 282 269 1
295 233 371 286 94
832 227 1219 276 WHARTOM
1297 221 1659 274 CEJLLIER.
2020 203 2239 287 [crasi-1-

252 356 737 417 commentarium
779 358 978 416 Bedae
1024 355 1086 414 in
1132 354 1413 431 epistulas
1456 353 1498 412 d
1540 350 1709 409 Pauli
1749 350 2070 429 genuinum
2112 354 2241 432 (qui

252 474 434 531 penes
460 453 654 531 ipsum
682 451 909 531 manet)
938 455 1068 512 luce
1097 455 1453 512 donaturum
1481 476 1611 518 esse
1641 457 1865 517 dudum
1903 452 2237 529 spopondit.

254 570 329 610 ne
370 544 597 625 integra
637 550 812 626 igitur
854 551 1055 609 Bedae
1096 549 1315 609 edendi
1351 552 1535 626 gloria
1571 553 1699 613 aliis
1726 551 2101 626 relinquatur,
2132 548 2244 608 ista

255 648 460 705 saltem
488 647 642 705 illius
671 645 1092 705 commentaria
1119 646 1328 722 Anglis
1356 647 1608 722 primum
1639 651 1914 725 euulgare
1941 647 2132 707 liceat.

376 744 450 800 In
492 743 751 801 curanda
790 741 1033 800 istorum
1076 743 1279 801 Bedae
1323 745 1564 817 Egberti
1611 755 1671 804 et
1718 742 2020 803 Aldhelmi
2067 761 2244 818 opus·
2311 769 2340 828 5

255 837 519 896 culorum
556 836 817 895 editione
850 855 948 894 me
982 835 1265 894 ecclesiae
1303 836 1666 912 Anglicanae
1699 856 1890 914 aeque
1926 856 1997 895 ac
2033 855 2245 896 causae

255 932 565 992 litterariae
626 932 822 990 litasse
876 934 1167 1008 profiteor.
1272 933 1677 1008 grauissimam
1707 933 1890 993 'enim
1936 934 2110 994 nobis
2163 932 2246 992 in-

257 1027 462 1085 iuriam
503 1026 724 1087 faciunt
766 1026 890 1085 siue
935 1026 1115 1086 exteri
1156 1027 1445 1102 pontificii
1487 1048 1589 1088 seu
1631 1029 1946 1105 indigenae
1972 1027 2245 1104 puritani‚

259 1122 357 1198 qui
397 1122 794 1181 sanctissimos
838 1122 1124 1181 ecclesiae
1151 1124 1666 1198 Anglosaxonicae
1706 1135 1900 1200 patres
1943 1143 2171 1182 summa
2211 1143 2247 1182 a

257 1219 431 1277 nobis
472 1218 852 1278 ueneratione
896 1217 1102 1293 excipi,
1151 1221 1411 1278 maximo
1448 1221 1674 1278 honore
1714 1219 1849 1292 coli,
1893 1221 1989 1278 uel
2030 1231 2247 1295 negant
2282 1237 2348 1275 10

258 1315 355 1371 uel
392 1315 616 1371 nolunt.
702 1314 779 1371 ad
821 1314 1217 1391 amoliendam
1257 1313 1590 1372 istiusmodi
1622 1314 1977 1372 calumniam
2017 1314 2244 1373 illorum

259 1412 474 1487 scripta
531 1430 601 1469 eo
655 1410 933 1469 libentius
988 1410 1051 1469 in
1098 1411 1294 1469 lucem
1351 1412 1596 1482 edimus,
1651 1422 1718 1470 ut
1773 1422 1894 1469 tam
1948 1412 2248 1486 praeclaro

259 1508 597 1567 testimonio
637 1507 769 1566 orbi
811 1506 1147 1566 Christiano
1197 1519 1447 1590 constet,
1489 1526 1602 1566 nos
1637 1525 1760 1565 non
1802 1507 1977 1564 aliam
2017 1509 2095 1566 ab
2135 1506 2248 1565 illis

260 1608 459 1665 fouere
503 1603 882 1680 religionem3
942 1603 1185 1663 minime
1233 1605 1424 1676 aliam,
1470 1623 1573 1663 seu
1616 1603 1943 1663 doctrinam
1988 1622 2092 1662 seu
2137 1602 2250 1662 dis-

249 1701 540 1777 ciplinam
594 1710 841 1775 specteS,
899 1699 1256 1760 constituere
1311 1699 1661 1774 ecclesiam3
1722 1719 1918 1776 neque
1964 1699 2141 1758 aliam
2187 1698 2248 1757 in
2284 1721 2349 1778 15

262 1797 438 1858 caelis
480 1797 704 1856 ambire
746 1797 964 1855 sedem.
1052 1805 1209 1855 certe
1238 1795 1301 1854 in
1329 1796 1622 1872 diptychis
1651 1795 1769 1855 suis
1797 1795 1975 1855 sacris
2004 1795 2252 1855 ecclesia

262 1895 589 1970 Anglicana
635 1893 835 1951 Bedae
879 1904 939 1951 et
978 1892 1282 1952 Aldhelmi
1324 1892 1669 1952 memoriam
1711 1895 1987 1966 celebrat,
2018 1894 2159 1972 quin
2192 1905 2252 1954 et

261 1992 493 2068 utrique
522 1992 649 2051 dies
676 1993 856 2051 festos
884 1991 1269 2050 consecrauit.

1183 2240 1337 2298 XXI

278 2385 396 2507 IL
437 2382 615 2458 regne
653 2382 801 2441 dans
843 2393 977 2442 tous
1015 2384 1101 2442 les
1135 2382 1309 2441 ecrits
1345 2384 1420 2441 de
1460 2382 1623 2441 Bede
1651 2401 1732 2440 un
1761 2380 1846 2440 air
1873 2382 1951 2441 de
1979 2379 2253 2453 candent,
2287 2411 2359 2447 20

425 2479 501 2537 de
527 2477 685 2555 piete
713 2487 771 2537 et
799 2479 875 2537 de
914 2478 1219 2549 modestie,
1265 2476 1368 2552 qui
1411 2478 1495 2536 les
1537 2478 1729 2535 feront
1762 2477 2028 2551 toujours
2054 2478 2260 2551 gofiter

266 2578 341 2635 de
382 2595 533 2635 ceux
577 2578 677 2651 qui
726 2575 948 2633 aiment
988 2577 1044 2633 le
1083 2574 1206 2633 vrai
1254 2586 1316 2633 et
1363 2576 1420 2633 le
1475 2575 1662 2632 solide
1666 2617 1917 2631 ..........
1926 2572 2159 2631 rheteur
2200 2582 2258 2630 et

266 2669 693 2745 grammairien,
751 2670 912 2744 Bede
966 2669 1151 2728 aurait
1199 2689 1280 2745 pu
1339 2686 1473 2726 sans
1530 2670 1711 2727 doute
1772 2669 1893 2726 etre
1950 2668 2083 2742 plus
2131 2684 2257 2741 pur,

267 2770 399 2841 plus
442 2767 675 2842 elegant
718 2776 777 2825 et
812 2768 946 2841 plus
989 2766 1183 2824 chatie
1211 2767 1360 2824 dans
1390 2783 1499 2823 son
1526 2765 1710 2839 sty1e3
1753 2761 1902 2820 mais
1943 2761 2261 2820 cherchant

268 2864 303 2919 a
345 2861 612 2920 instruire
651 2863 786 2937 plus
829 2861 964 2936 qu'a
1010 2860 1208 2937 plaire,
1266 2860 1307 2918 il
1364 2863 1498 2920 s'est
1552 2860 1938 2936 uniquement
1992 2857 2178 2918 borne
2224 2857 2259 2916 ὲ.
2291 2888 2320 2924 2
2330 2885 2362 2943 5

267 2960 323 3014 le
350 2957 559 3015 rendre
589 2955 798 3032 simple
829 2968 886 3015 et
914 2957 1090 3030 clair3
1132 2976 1206 3015 en
1237 2955 1377 3033 quoi
1405 2956 1447 3014 il
1473 2974 1510 3014 a
1537 2955 1733 3014 reussi.

268 3145 272 3152 ·
367 3114 410 3146 ¹⁹
445 3116 589 3163 Remi
628 3116 828 3165 Ceillier
864 3117 1065 3167 histoire
1096 3113 1326 3180 generale
1365 3115 1452 3165 des
1491 3122 1686 3164 auteurs
1724 3110 1884 3163 sacres
1921 3110 2078 3176 (Paris
2117 3122 2254 3176 1729,

271 3194 382 3226 new
404 3180 467 3228 ed
494 3179 636 3240 1862)
663 3191 748 3227 ΧΠ
778 3184 852 3230 18.

1263 3320 1561 3660 s*
