2567 3750
333 37 439 121 25]
708 52 964 107 FJNAM
1027 53 1366 107 PASCHAL
1414 53 1705 111 commo
1714 52 1957 103 VERSY.
2243 41 2317 112 69

329 186 411 246 de
437 182 640 262 lapide
668 184 775 245 sed
798 183 878 245 'de
903 185 1114 253 robore
1141 193 1307 244 secto
1338 192 1525 244 totam
1552 181 1883 259 composuit
1909 191 2087 258 atque
2113 181 2320 241 harun-

328 281 478 342 dine
516 279 677 355 texit,
716 300 896 358 quam
938 291 1203 358 tempore
1245 290 1531 357 sequente
1560 278 2059 347 reuerentissimus
2101 277 2319 337 archie-

329 376 615 453 piscopus
643 377 993 436 Theodorus
1020 374 1083 434 in
1109 376 1337 434 honore
1362 373 1519 434 beati
1545 373 1797 450 apostoli
1819 373 1976 432 Petri
2004 371 2315 432 dedicauit.

328 473 443 532 sed
498 482 558 532 et
613 471 927 548 episcopus
984 470 1102 530 loci
1156 469 1340 547 ipsius
1397 469 1691 529 Eadberct
1747 469 1940 528 ablata
1990 465 2318 526 harundine

267 588 299 648 5
331 566 567 645 plumbi
620 568 916 628 lamminis
972 588 1104 628 earn
1161 577 1386 641 totam,
1400 564 1518 626 hoc
1570 577 1658 627 est
1699 576 1759 626 et
1799 575 2019 626 tectum
2059 575 2120 625 et
2159 563 2318 640 ipsos
2397 554 2404 560 ⁴

330 677 577 741 quoque
604 663 855 741 parietes
882 663 1025 737 eiu5‚
1055 663 1355 739 cooperire
1381 662 1625 722 curauit

458 759 578 818 His
619 759 981 835 temporibus
1025 757 1292 833 quaestio
1338 759 1491 827 facta
1536 768 1626 817 est
1676 759 1950 850 frequens
2000 766 2059 818 et
2105 731 2319 835 magna

332 856 411 916 de
451 855 861 916 obseruatione
900 855 1174 932 paschae,
1212 854 1693 914 confirmantibus
1731 855 1815 914 eis
1852 854 1954 931 qui
1990 856 2067 915 de
2106 856 2318 917 Cantia

332 953 431 1011 uel
470 952 545 1011 de
583 950 787 1010 Galliis
822 951 1201 1023 aduenerant,
1241 952 1407 1026 quod
1440 950 1626 1010 Scotti
1662 950 2024 1010 dominicum
2064 953 2316 1028 paschae

237 1074 307 1113 10
335 1050 495 1111 diem
532 1060 735 1110 contra
770 1047 1113 1109 uniuersalis
1152 1048 1435 1110 ecclesiae
1471 1066 1697 1108 morem
1738 1049 2108 1109 celebrarent.
2192 1061 2317 1110 erat

334 1146 397 1207 in
449 1144 542 1204 his
595 1143 907 1204 acerrimus
960 1144 1086 1204 ueri
1151 1145 1405 1221 paschae
1457 1145 1731 1204 defensor
1782 1142 2025 1202 nomine
2078 1145 2312 1216 Ronan,

332 1240 574 1301 natione
610 1239 852 1315 quidem
893 1241 1123 1299 Scottus
1168 1241 1274 1300 sed
1315 1239 1378 1299 in
1416 1240 1641 1299 Galliae
1677 1240 1775 1299 uel
1812 1238 2017 1298 Italiae
2054 1238 2314 1316 partibus

332 1338 591 1414 regulam
635 1335 1061 1414 ecclesiasticae
1102 1336 1364 1396 ueritatis
1409 1338 1671 1396 edoctus,
1753 1335 1858 1413 qui
1905 1355 2042 1395 cum
2087 1338 2135 1395 F
2136 1336 2314 1395 inano

332 1433 670 1509 confligenS‚
709 1434 926 1491 multos
955 1432 1195 1508 quidem
1225 1433 1470 1493 correxit
1507 1434 1605 1493 uel
1648 1435 1725 1492 ad
1770 1431 2130 1493 solertiorem
2170 1436 2315 1495 ueri·

240 1552 302 1610 15
331 1530 465 1590 tatis
507 1529 948 1606 inquisitionem
994 1530 1284 1602 accendit,
1343 1548 1715 1606 nequaquam
1766 1542 1965 1590 tamen
2020 1529 2313 1591 Finanum

331 1627 647 1686 emendare
688 1625 914 1701 potuit:
983 1625 1126 1701 quin
1180 1625 1394 1702 potiuS‚
1447 1627 1609 1701 quod
1665 1638 1816 1686 esset
1868 1627 2051 1685 homo
2104 1627 2313 1687 ferocis

330 1720 531 1793 animi,
578 1719 937 1783 acerbiorem
989 1720 1334 1796 castigando
1381 1732 1439 1780 et
1486 1731 1752 1797 apertum
1798 1720 2056 1781 ueritatis
2110 1724 2314 1782 aduer-

330 1814 547 1876 sarium
581 1812 855 1873 reddidit.
938 1815 1291 1875 obseruabat
1327 1827 1525 1876 autem
1564 1818 1766 1889 Iacob,
1804 1816 2088 1878 diaconus
2129 1836 2312 1894 quon-

329 1913 468 1971 dam
513 1921 583 1972 ut
635 1931 809 1988 supra
851 1911 1161 1970 docuimus
1202 1912 1550 1971 uenerabilis
1592 1911 2015 1989 archiepiscopi
2063 1914 2308 1986 Paulini,

236 2032 304 2070 20
329 2028 537 2068 uerum
565 2018 624 2068 et
660 2008 1018 2069 catholicum
1054 2010 1276 2084 pascha
1308 2029 1444 2068 cum
1485 2010 1758 2069 omnibus
1795 2030 1943 2086 quos
1973 2012 2057 2071 ad
2093 2031 2311 2072 correc-

328 2104 537 2164 tiorem
573 2102 733 2162 uiam
762 2103 990 2163 erudire
1017 2115 1258 2180 poterat.
1347 2106 1694 2164 obseruabat
1730 2116 1789 2165 et
1823 2105 2022 2181 regina
2061 2108 2306 2167 Eanfled

327 2220 466 2259 eum
502 2199 623 2259 suis
659 2199 823 2259 iuxta
858 2201 1019 2275 quod
1055 2200 1118 2259 in
1148 2201 1361 2262 Cantia
1400 2202 1522 2261 fieri
1563 2202 1803 2275 uiderat,
1843 2202 2067 2264 habens
2105 2222 2307 2263 secum

326 2299 402 2357 de
459 2296 672 2359 Cantia
722 2298 1139 2374 presbyterum.
1187 2299 1511 2359 catholicae
1578 2298 2001 2358 obseruationis
2066 2299 2305 2364 nomine

327 2395 684 2454 Romanurn.
734 2394 892 2452 unde
914 2412 1361 2470 nonnumquam
1375 2393 1695 2470 contigisse
1708 2396 1887 2453 fertur
1907 2393 2018 2453 illis
2037 2394 2307 2471 tempori—

233 2509 260 2545 2
267 2508 297 2564 5
324 2494 450 2563 buS‚
497 2499 565 2549 ut
604 2489 698 2549 bis
742 2487 804 2548 in
838 2508 996 2548 anno
1042 2509 1162 2548 uno
1211 2492 1431 2567 pascha
1473 2492 1878 2564 celebraretur,
1924 2501 1983 2550 et
2021 2509 2160 2549 cum
2204 2511 2305 2550 rex

323 2587 544 2662 paseha.
584 2583 949 2645 dominicum
987 2585 1192 2645 solutis
1233 2586 1461 2645 ieiuniis
1497 2589 1728 2658 faceret,
1772 2597 1898 2646 turn
1933 2586 2131 2663 regina
2167 2606 2302 2645 cum

323 2683 441 2744 suis
467 2682 781 2761 persistens
816 2682 1013 2741 adhuc
1048 2681 1110 2740 in
1147 2681 1367 2743 ieiunio
1405 2682 1563 2743 diem
1600 2683 1928 2758 palmarum
1966 2684 2302 2743 celebraret.

322 2783 471 2841 haec
513 2790 711 2839 autem
751 2777 1115 2838 dissonantia
1150 2778 1442 2854 paschalis
1487 2777 1893 2839 obseruantiae
1931 2777 2166 2837 uiuente
2206 2779 2302 2837 Ai-

323 2879 480 2937 dano
519 2874 812 2952 patienter
849 2876 929 2934 ab
969 2868 1242 2934 omnibus
1284 2876 1654 2946 tolerabatur,
1696 2873 1796 2951 qui
1831 2884 2100 2950 patenter
2138 2874 2301 2934 intel·

226 2991 300 3045 30
322 2975 581 3033 lexerant
608 2969 763 3047 quia,
810 2970 919 3030 etsi
959 2973 1180 3047 pascha
1221 2982 1427 3031 contra
1467 2990 1692 3030 morem
1729 2989 1933 3030 eorum
1971 2967 2072 3046 qui
2108 2970 2297 3047 ipsum

320 3069 597 3129 miserant
642 3070 835 3130 facere
881 3085 1006 3128 non
1051 3066 1260 3143 potuit,
1313 3087 1492 3143 opera
1538 3078 1738 3130 tamen
1779 3066 1915 3125 fidei
1962 3066 2192 3142 pietatis
2240 3078 2298 3126 et
