<?xml version="1.0" encoding="UTF-8"?>
<!DOCTYPE html PUBLIC "-//W3C//DTD XHTML 1.0 Transitional//EN"
    "http://www.w3.org/TR/xhtml1/DTD/xhtml1-transitional.dtd">
<html xmlns="http://www.w3.org/1999/xhtml" xml:lang="en" lang="en">
 <head>
  <title>
</title>
<meta http-equiv="Content-Type" content="text/html;charset=utf-8" />
  <meta name='ocr-system' content='tesseract 3.04.00' />
  <meta name='ocr-capabilities' content='ocr_page ocr_carea ocr_par ocr_line ocrx_word'/>
</head>
<body>
  <div class='ocr_page' id='page_1' title='image "./historiaeeccles01lumbgoog_0137.png"; bbox 0 0 2567 3750; ppageno 0'>
   <div class='ocr_carea' id='block_1_1' title="bbox 350 41 2314 124">
    <p class='ocr_par' dir='ltr' id='par_1_1' title="bbox 350 41 2314 124">
     <span class='ocr_line' id='line_1_1' title="bbox 350 41 2314 124; baseline -0.003 -14"><span class='ocrx_word' id='word_1_1' title='bbox 350 41 449 124; x_wconf 88' lang='lat'><strong>13]</strong></span> <span class='ocrx_word' id='word_1_2' title='bbox 545 57 803 116; x_wconf 76' lang='lat' dir='ltr'><em>SOUTH</em></span> <span class='ocrx_word' id='word_1_3' title='bbox 832 55 1123 106; x_wconf 84' lang='lat' dir='ltr'><em>SAXONS</em></span> <span class='ocrx_word' id='word_1_4' title='bbox 1165 54 1620 105; x_wconf 86' lang='lat' dir='ltr'><em>CONVERTED</em></span> <span class='ocrx_word' id='word_1_5' title='bbox 1662 55 1774 105; x_wconf 74' lang='grc' dir='ltr'><strong>ΒΥ</strong></span> <span class='ocrx_word' id='word_1_6' title='bbox 1814 55 2126 107; x_wconf 83' lang='lat' dir='ltr'><em>VILFRID.</em></span> <span class='ocrx_word' id='word_1_7' title='bbox 2206 59 2314 118; x_wconf 80' lang='lat'><strong>115</strong></span> 
     </span>
    </p>
   </div>
   <div class='ocr_carea' id='block_1_2' title="bbox 248 181 2394 1310">
    <p class='ocr_par' dir='ltr' id='par_1_2' title="bbox 340 181 2321 548">
     <span class='ocr_line' id='line_1_2' title="bbox 342 181 2319 262; baseline -0.001 -16"><span class='ocrx_word' id='word_1_8' title='bbox 342 187 601 246; x_wconf 89' lang='lat' dir='ltr'><strong>habebat</strong></span> <span class='ocrx_word' id='word_1_9' title='bbox 636 183 796 245; x_wconf 90' lang='lat' dir='ltr'><strong>enim</strong></span> <span class='ocrx_word' id='word_1_10' title='bbox 835 194 972 244; x_wconf 89' lang='lat' dir='ltr'><strong>ante</strong></span> <span class='ocrx_word' id='word_1_11' title='bbox 1013 184 1404 243; x_wconf 85' lang='lat' dir='ltr'><strong>Eadhaedum</strong></span> <span class='ocrx_word' id='word_1_12' title='bbox 1442 181 1764 242; x_wconf 84' lang='lat' dir='ltr'><strong>antistitem</strong></span> <span class='ocrx_word' id='word_1_13' title='bbox 1806 184 2169 258; x_wconf 82' lang='lat' dir='ltr'><strong>Sexuulfum,</strong></span> <span class='ocrx_word' id='word_1_14' title='bbox 2216 184 2319 262; x_wconf 89' lang='lat' dir='ltr'><strong>qui</strong></span> 
     </span>
     <span class='ocr_line' id='line_1_3' title="bbox 343 279 2321 359; baseline 0 -16"><span class='ocrx_word' id='word_1_15' title='bbox 343 283 519 344; x_wconf 89' lang='lat' dir='ltr'><strong>etiam</strong></span> <span class='ocrx_word' id='word_1_16' title='bbox 546 280 907 341; x_wconf 90' lang='lat' dir='ltr'><strong>Merciorum</strong></span> <span class='ocrx_word' id='word_1_17' title='bbox 935 289 996 338; x_wconf 87' lang='lat' dir='ltr'><strong>et</strong></span> <span class='ocrx_word' id='word_1_18' title='bbox 1023 279 1590 338; x_wconf 89' lang='lat' dir='ltr'><strong>Mediterraneorum</strong></span> <span class='ocrx_word' id='word_1_19' title='bbox 1617 281 1941 356; x_wconf 87' lang='lat' dir='ltr'><strong>Anglorum</strong></span> <span class='ocrx_word' id='word_1_20' title='bbox 1971 282 2146 342; x_wconf 87' lang='lat' dir='ltr'><strong>simul</strong></span> <span class='ocrx_word' id='word_1_21' title='bbox 2172 282 2321 359; x_wconf 86' lang='lat' dir='ltr'><strong>epis-</strong></span> 
     </span>
     <span class='ocr_line' id='line_1_4' title="bbox 340 375 2320 456; baseline -0.001 -17"><span class='ocrx_word' id='word_1_22' title='bbox 340 398 527 456; x_wconf 87' lang='lat' dir='ltr'><strong>copus</strong></span> <span class='ocrx_word' id='word_1_23' title='bbox 570 377 711 438; x_wconf 84' lang='lat' dir='ltr'><strong>fuit:</strong></span> <span class='ocrx_word' id='word_1_24' title='bbox 769 377 926 435; x_wconf 91' lang='lat' dir='ltr'><strong>unde</strong></span> <span class='ocrx_word' id='word_1_25' title='bbox 968 386 1026 435; x_wconf 90' lang='lat' dir='ltr'><strong>et</strong></span> <span class='ocrx_word' id='word_1_26' title='bbox 1067 378 1343 453; x_wconf 88' lang='lat' dir='ltr'><strong>expulsus</strong></span> <span class='ocrx_word' id='word_1_27' title='bbox 1381 377 1461 436; x_wconf 93' lang='lat' dir='ltr'><strong>de</strong></span> <span class='ocrx_word' id='word_1_28' title='bbox 1502 375 1774 451; x_wconf 89' lang='lat' dir='ltr'><strong>Lindissi,</strong></span> <span class='ocrx_word' id='word_1_29' title='bbox 1816 375 1880 436; x_wconf 90' lang='lat' dir='ltr'><strong>in</strong></span> <span class='ocrx_word' id='word_1_30' title='bbox 1920 377 2149 438; x_wconf 87' lang='lat' dir='ltr'><strong>illarum</strong></span> <span class='ocrx_word' id='word_1_31' title='bbox 2165 438 2171 446; x_wconf 81' lang='grc'><strong>,</strong></span> <span class='ocrx_word' id='word_1_32' title='bbox 2188 397 2320 455; x_wconf 84' lang='lat' dir='ltr'><strong>pro-</strong></span> 
     </span>
     <span class='ocr_line' id='line_1_5' title="bbox 342 471 2320 548; baseline 0.001 -15"><span class='ocrx_word' id='word_1_33' title='bbox 342 474 664 533; x_wconf 88' lang='lat' dir='ltr'><strong>uinciarum</strong></span> <span class='ocrx_word' id='word_1_34' title='bbox 701 472 980 548; x_wconf 89' lang='lat' dir='ltr'><strong>regimine</strong></span> <span class='ocrx_word' id='word_1_35' title='bbox 1022 471 1360 547; x_wconf 87' lang='lat' dir='ltr'><strong>permansit.</strong></span> <span class='ocrx_word' id='word_1_36' title='bbox 1443 471 1699 531; x_wconf 90' lang='lat' dir='ltr'><strong>ordinati</strong></span> <span class='ocrx_word' id='word_1_37' title='bbox 1740 483 1879 532; x_wconf 89' lang='lat' dir='ltr'><strong>sunt</strong></span> <span class='ocrx_word' id='word_1_38' title='bbox 1923 484 2124 533; x_wconf 90' lang='lat' dir='ltr'><strong>autem</strong></span> <span class='ocrx_word' id='word_1_39' title='bbox 2168 476 2320 534; x_wconf 88' lang='lat' dir='ltr'><strong>Ead-</strong></span> 
     </span>
    </p>

    <p class='ocr_par' dir='ltr' id='par_1_3' title="bbox 280 564 2394 1029">
     <span class='ocr_line' id='line_1_6' title="bbox 280 564 2315 649; baseline -0 -21"><span class='ocrx_word' id='word_1_40' title='bbox 280 591 313 649; x_wconf 84' lang='lat'>5</span> <span class='ocrx_word' id='word_1_41' title='bbox 341 569 492 628; x_wconf 91' lang='lat' dir='ltr'><strong>haed</strong></span> <span class='ocrx_word' id='word_1_42' title='bbox 538 571 695 628; x_wconf 86' lang='lat' dir='ltr'><strong>Bosa</strong></span> <span class='ocrx_word' id='word_1_43' title='bbox 737 577 800 626; x_wconf 88' lang='lat' dir='ltr'><strong>et</strong></span> <span class='ocrx_word' id='word_1_44' title='bbox 841 568 989 625; x_wconf 88' lang='lat' dir='ltr'><strong>Eata</strong></span> <span class='ocrx_word' id='word_1_45' title='bbox 1033 564 1286 626; x_wconf 86' lang='lat' dir='ltr'><strong>Eboraci</strong></span> <span class='ocrx_word' id='word_1_46' title='bbox 1331 567 1411 625; x_wconf 87' lang='lat' dir='ltr'><strong>ab</strong></span> <span class='ocrx_word' id='word_1_47' title='bbox 1456 566 1901 644; x_wconf 82' lang='lat' dir='ltr'><strong>archiepiscopo</strong></span> <span class='ocrx_word' id='word_1_48' title='bbox 1954 570 2315 630; x_wconf 89' lang='lat' dir='ltr'><strong>Theodoro:</strong></span> 
     </span>
     <span class='ocr_line' id='line_1_7' title="bbox 344 660 2318 740; baseline 0.003 -19"><span class='ocrx_word' id='word_1_49' title='bbox 344 662 444 739; x_wconf 89' lang='lat' dir='ltr'><strong>qui</strong></span> <span class='ocrx_word' id='word_1_50' title='bbox 463 662 640 723; x_wconf 90' lang='lat' dir='ltr'><strong>etiam</strong></span> <span class='ocrx_word' id='word_1_51' title='bbox 665 672 802 740; x_wconf 87' lang='lat' dir='ltr'><strong>post</strong></span> <span class='ocrx_word' id='word_1_52' title='bbox 820 673 936 721; x_wconf 89' lang='lat' dir='ltr'><strong>tres</strong></span> <span class='ocrx_word' id='word_1_53' title='bbox 963 660 1352 723; x_wconf 86' lang='lat' dir='ltr'><strong>abscessionis</strong></span> <span class='ocrx_word' id='word_1_54' title='bbox 1378 661 1612 722; x_wconf 86' lang='lat' dir='ltr'><strong>Vilfridi</strong></span> <span class='ocrx_word' id='word_1_55' title='bbox 1638 681 1832 722; x_wconf 81' lang='lat' dir='ltr'><strong>annos</strong></span> <span class='ocrx_word' id='word_1_56' title='bbox 1842 663 2054 727; x_wconf 86' lang='lat' dir='ltr'><strong>horum</strong></span> <span class='ocrx_word' id='word_1_57' title='bbox 2071 684 2318 726; x_wconf 89' lang='lat' dir='ltr'><strong>numero</strong></span> 
     </span>
     <span class='ocr_line' id='line_1_8' title="bbox 343 757 2394 838; baseline 0.002 -18"><span class='ocrx_word' id='word_1_58' title='bbox 343 763 494 821; x_wconf 89' lang='lat' dir='ltr'><strong>duos</strong></span> <span class='ocrx_word' id='word_1_59' title='bbox 534 759 762 818; x_wconf 90' lang='lat' dir='ltr'><strong>addidit</strong></span> <span class='ocrx_word' id='word_1_60' title='bbox 800 757 1107 830; x_wconf 84' lang='lat' dir='ltr'><strong>antistites,</strong></span> <span class='ocrx_word' id='word_1_61' title='bbox 1153 759 1559 817; x_wconf 90' lang='lat' dir='ltr'><strong>Tunberctum</strong></span> <span class='ocrx_word' id='word_1_62' title='bbox 1606 760 1685 819; x_wconf 89' lang='lat' dir='ltr'><strong>ad</strong></span> <span class='ocrx_word' id='word_1_63' title='bbox 1732 759 2042 819; x_wconf 87' lang='lat' dir='ltr'><strong>ecclesiam</strong></span> <span class='ocrx_word' id='word_1_64' title='bbox 2087 764 2318 838; x_wconf 86' lang='lat' dir='ltr'><strong>Hagus-</strong></span> <span class='ocrx_word' id='word_1_65' title='bbox 2389 820 2394 824; x_wconf 89' lang='lat'><strong><em>.</em></strong></span> 
     </span>
     <span class='ocr_line' id='line_1_9' title="bbox 343 853 2318 928; baseline 0.001 -13"><span class='ocrx_word' id='word_1_66' title='bbox 343 857 670 916; x_wconf 87' lang='lat' dir='ltr'><strong>taldensem</strong></span> <span class='ocrx_word' id='word_1_67' title='bbox 696 864 1035 913; x_wconf 87' lang='lat' dir='ltr'><strong>remanente</strong></span> <span class='ocrx_word' id='word_1_68' title='bbox 1057 856 1207 913; x_wconf 88' lang='lat' dir='ltr'><strong>Eata</strong></span> <span class='ocrx_word' id='word_1_69' title='bbox 1232 856 1311 913; x_wconf 91' lang='lat' dir='ltr'><strong>ad</strong></span> <span class='ocrx_word' id='word_1_70' title='bbox 1339 853 1893 928; x_wconf 90' lang='lat' dir='ltr'><strong>Lindisfarnensem,</strong></span> <span class='ocrx_word' id='word_1_71' title='bbox 1924 866 1983 915; x_wconf 87' lang='lat' dir='ltr'><strong>et</strong></span> <span class='ocrx_word' id='word_1_72' title='bbox 2010 857 2318 919; x_wconf 90' lang='lat' dir='ltr'><strong>Trumuini</strong></span> 
     </span>
     <span class='ocr_line' id='line_1_10' title="bbox 343 949 2318 1029; baseline 0.001 -19"><span class='ocrx_word' id='word_1_73' title='bbox 343 954 421 1011; x_wconf 91' lang='lat' dir='ltr'><strong>ad</strong></span> <span class='ocrx_word' id='word_1_74' title='bbox 447 951 813 1029; x_wconf 89' lang='lat' dir='ltr'><strong>prouinciam</strong></span> <span class='ocrx_word' id='word_1_75' title='bbox 842 950 1137 1010; x_wconf 90' lang='lat' dir='ltr'><strong>Pictorum</strong></span> <span class='ocrx_word' id='word_1_76' title='bbox 1164 968 1319 1024; x_wconf 87' lang='lat' dir='ltr'><strong>quae</strong></span> <span class='ocrx_word' id='word_1_77' title='bbox 1346 959 1489 1008; x_wconf 91' lang='lat' dir='ltr'><strong>tunc</strong></span> <span class='ocrx_word' id='word_1_78' title='bbox 1525 949 1806 1025; x_wconf 89' lang='lat' dir='ltr'><strong>temporis</strong></span> <span class='ocrx_word' id='word_1_79' title='bbox 1842 952 2167 1026; x_wconf 84' lang='lat' dir='ltr'><strong>Anglorum</strong></span> <span class='ocrx_word' id='word_1_80' title='bbox 2195 966 2318 1012; x_wconf 87' lang='lat' dir='ltr'><strong>erat</strong></span> 
     </span>
    </p>

    <p class='ocr_par' dir='ltr' id='par_1_4' title="bbox 248 1043 2320 1310">
     <span class='ocr_line' id='line_1_11' title="bbox 248 1043 2320 1128; baseline 0.001 -23"><span class='ocrx_word' id='word_1_81' title='bbox 248 1069 318 1105; x_wconf 89' lang='lat'><strong>10</strong></span> <span class='ocrx_word' id='word_1_82' title='bbox 340 1045 588 1122; x_wconf 86' lang='lat' dir='ltr'><strong>imperio</strong></span> <span class='ocrx_word' id='word_1_83' title='bbox 631 1045 909 1105; x_wconf 87' lang='lat' dir='ltr'><strong>subiecta.</strong></span> <span class='ocrx_word' id='word_1_84' title='bbox 992 1043 1376 1128; x_wconf 75' lang='lat' dir='ltr'><strong>Eadhaedum</strong></span> <span class='ocrx_word' id='word_1_85' title='bbox 1432 1045 1508 1104; x_wconf 90' lang='lat' dir='ltr'><strong>de</strong></span> <span class='ocrx_word' id='word_1_86' title='bbox 1562 1043 1819 1103; x_wconf 90' lang='lat' dir='ltr'><strong>Lindissi</strong></span> <span class='ocrx_word' id='word_1_87' title='bbox 1870 1063 2186 1120; x_wconf 88' lang='lat' dir='ltr'><strong>reuersum,</strong></span> <span class='ocrx_word' id='word_1_88' title='bbox 2243 1067 2320 1108; x_wconf 91' lang='lat' dir='ltr'><strong>eo</strong></span> 
     </span>
     <span class='ocr_line' id='line_1_12' title="bbox 345 1138 2318 1218; baseline 0.002 -20"><span class='ocrx_word' id='word_1_89' title='bbox 345 1142 505 1216; x_wconf 89' lang='lat' dir='ltr'><strong>quod</strong></span> <span class='ocrx_word' id='word_1_90' title='bbox 560 1140 841 1200; x_wconf 91' lang='lat' dir='ltr'><strong>Aedilred</strong></span> <span class='ocrx_word' id='word_1_91' title='bbox 885 1138 1249 1216; x_wconf 89' lang='lat' dir='ltr'><strong>prouinciam</strong></span> <span class='ocrx_word' id='word_1_92' title='bbox 1300 1138 1633 1215; x_wconf 87' lang='lat' dir='ltr'><strong>recepisset,</strong></span> <span class='ocrx_word' id='word_1_93' title='bbox 1682 1140 1981 1218; x_wconf 89' lang='lat' dir='ltr'><strong>Hrypensi</strong></span> <span class='ocrx_word' id='word_1_94' title='bbox 2035 1141 2318 1203; x_wconf 84' lang='lat' dir='ltr'><strong>ecclesiae</strong></span> 
     </span>
     <span class='ocr_line' id='line_1_13' title="bbox 345 1236 635 1310; baseline 0 -17"><span class='ocrx_word' id='word_1_95' title='bbox 345 1236 635 1310; x_wconf 89' lang='lat' dir='ltr'><strong>praefecit.</strong></span> 
     </span>
    </p>
   </div>
   <div class='ocr_carea' id='block_1_3' title="bbox 1160 1490 1409 1579">
    <p class='ocr_par' dir='ltr' id='par_1_5' title="bbox 1160 1490 1409 1579">
     <span class='ocr_line' id='line_1_14' title="bbox 1160 1490 1409 1579; baseline 0 -31"><span class='ocrx_word' id='word_1_96' title='bbox 1160 1574 1165 1579; x_wconf 11' lang='lat' dir='ltr'><em>q</em></span> <span class='ocrx_word' id='word_1_97' title='bbox 1243 1490 1409 1548; x_wconf 83' lang='lat' dir='ltr'>X111</span> 
     </span>
    </p>
   </div>
   <div class='ocr_carea' id='block_1_4' title="bbox 239 1621 2320 2857">
    <p class='ocr_par' dir='ltr' id='par_1_6' title="bbox 357 1621 2320 1747">
     <span class='ocr_line' id='line_1_15' title="bbox 357 1621 2320 1747; baseline 0.003 -67"><span class='ocrx_word' id='word_1_98' title='bbox 357 1621 716 1747; x_wconf 81' lang='lat' dir='ltr'><strong>PVLSVS</strong></span> <span class='ocrx_word' id='word_1_99' title='bbox 761 1633 849 1683; x_wconf 88' lang='lat' dir='ltr'><strong>est</strong></span> <span class='ocrx_word' id='word_1_100' title='bbox 889 1634 1088 1683; x_wconf 91' lang='lat' dir='ltr'><strong>autem</strong></span> <span class='ocrx_word' id='word_1_101' title='bbox 1127 1625 1203 1684; x_wconf 89' lang='lat' dir='ltr'><strong>ab</strong></span> <span class='ocrx_word' id='word_1_102' title='bbox 1244 1624 1587 1701; x_wconf 89' lang='lat' dir='ltr'><strong>episcopatu</strong></span> <span class='ocrx_word' id='word_1_103' title='bbox 1629 1644 1736 1685; x_wconf 90' lang='lat' dir='ltr'><strong>suo</strong></span> <span class='ocrx_word' id='word_1_104' title='bbox 1770 1624 1999 1699; x_wconf 85' lang='lat' dir='ltr'><strong>Vilfrid,</strong></span> <span class='ocrx_word' id='word_1_105' title='bbox 2037 1636 2097 1685; x_wconf 89' lang='lat' dir='ltr'><strong>et</strong></span> <span class='ocrx_word' id='word_1_106' title='bbox 2129 1629 2320 1708; x_wconf 26' lang='lat' dir='ltr'><strong>&#39;multa</strong></span> 
     </span>
    </p>

    <p class='ocr_par' dir='ltr' id='par_1_7' title="bbox 241 1720 2317 2376">
     <span class='ocr_line' id='line_1_16' title="bbox 249 1720 2315 1814; baseline 0.001 -34"><span class='ocrx_word' id='word_1_107' title='bbox 249 1757 314 1814; x_wconf 78' lang='lat'><strong>15</strong></span> <span class='ocrx_word' id='word_1_108' title='bbox 505 1720 608 1780; x_wconf 92' lang='lat' dir='ltr'><strong>diu</strong></span> <span class='ocrx_word' id='word_1_109' title='bbox 649 1722 782 1780; x_wconf 89' lang='lat' dir='ltr'><strong>loca</strong></span> <span class='ocrx_word' id='word_1_110' title='bbox 821 1731 1167 1797; x_wconf 88' lang='lat' dir='ltr'><strong>peruagatus</strong></span> <span class='ocrx_word' id='word_1_111' title='bbox 1221 1722 1480 1779; x_wconf 90' lang='lat' dir='ltr'><strong>Romam</strong></span> <span class='ocrx_word' id='word_1_112' title='bbox 1521 1720 1681 1795; x_wconf 91' lang='lat' dir='ltr'><strong>adiit,</strong></span> <span class='ocrx_word' id='word_1_113' title='bbox 1731 1721 2071 1781; x_wconf 88' lang='lat' dir='ltr'><strong>Brittaniam</strong></span> <span class='ocrx_word' id='word_1_114' title='bbox 2117 1722 2315 1799; x_wconf 83' lang='lat' dir='ltr'><strong>rediit3</strong></span> 
     </span>
     <span class='ocr_line' id='line_1_17' title="bbox 346 1815 2316 1894; baseline -0.001 -17"><span class='ocrx_word' id='word_1_115' title='bbox 346 1828 403 1877; x_wconf 93' lang='lat' dir='ltr'><strong>et</strong></span> <span class='ocrx_word' id='word_1_116' title='bbox 457 1815 508 1877; x_wconf 89' lang='lat' dir='ltr'><strong>si</strong></span> <span class='ocrx_word' id='word_1_117' title='bbox 571 1827 808 1894; x_wconf 90' lang='lat' dir='ltr'><strong>propter</strong></span> <span class='ocrx_word' id='word_1_118' title='bbox 872 1815 1205 1876; x_wconf 87' lang='lat' dir='ltr'><strong>inimicitias</strong></span> <span class='ocrx_word' id='word_1_119' title='bbox 1257 1815 1567 1877; x_wconf 87' lang='lat' dir='ltr'><strong>memorati</strong></span> <span class='ocrx_word' id='word_1_120' title='bbox 1618 1815 1768 1894; x_wconf 87' lang='lat' dir='ltr'><strong>regis</strong></span> <span class='ocrx_word' id='word_1_121' title='bbox 1822 1816 1883 1876; x_wconf 92' lang='lat' dir='ltr'><strong>in</strong></span> <span class='ocrx_word' id='word_1_122' title='bbox 1938 1816 2124 1894; x_wconf 82' lang='lat' dir='ltr'><strong>patria</strong></span> <span class='ocrx_word' id='word_1_123' title='bbox 2189 1819 2316 1878; x_wconf 90' lang='lat' dir='ltr'><strong>siue</strong></span> 
     </span>
     <span class='ocr_line' id='line_1_18' title="bbox 343 1912 2317 1990; baseline 0 -19"><span class='ocrx_word' id='word_1_124' title='bbox 343 1913 647 1989; x_wconf 89' lang='lat' dir='ltr'><strong>parrochia</strong></span> <span class='ocrx_word' id='word_1_125' title='bbox 693 1932 798 1972; x_wconf 89' lang='lat' dir='ltr'><strong>sua</strong></span> <span class='ocrx_word' id='word_1_126' title='bbox 841 1912 1025 1988; x_wconf 88' lang='lat' dir='ltr'><strong>recipi</strong></span> <span class='ocrx_word' id='word_1_127' title='bbox 1070 1931 1193 1971; x_wconf 92' lang='lat' dir='ltr'><strong>non</strong></span> <span class='ocrx_word' id='word_1_128' title='bbox 1239 1912 1447 1988; x_wconf 91' lang='lat' dir='ltr'><strong>potuit,</strong></span> <span class='ocrx_word' id='word_1_129' title='bbox 1497 1932 1622 1973; x_wconf 89' lang='lat' dir='ltr'><strong>non</strong></span> <span class='ocrx_word' id='word_1_130' title='bbox 1668 1923 1866 1973; x_wconf 88' lang='lat' dir='ltr'><strong>tamen</strong></span> <span class='ocrx_word' id='word_1_131' title='bbox 1906 1915 1983 1974; x_wconf 86' lang='lat' dir='ltr'><strong>ab</strong></span> <span class='ocrx_word' id='word_1_132' title='bbox 2031 1913 2317 1990; x_wconf 87' lang='lat' dir='ltr'><strong>euangeli-</strong></span> 
     </span>
     <span class='ocr_line' id='line_1_19' title="bbox 341 2007 2314 2086; baseline 0.001 -19"><span class='ocrx_word' id='word_1_133' title='bbox 341 2008 514 2069; x_wconf 88' lang='lat' dir='ltr'><strong>zandi</strong></span> <span class='ocrx_word' id='word_1_134' title='bbox 554 2009 745 2086; x_wconf 90' lang='lat' dir='ltr'><strong>potuit</strong></span> <span class='ocrx_word' id='word_1_135' title='bbox 796 2008 1114 2067; x_wconf 89' lang='lat' dir='ltr'><strong>ministerio</strong></span> <span class='ocrx_word' id='word_1_136' title='bbox 1169 2007 1464 2068; x_wconf 89' lang='lat' dir='ltr'><strong>cohiberi:</strong></span> <span class='ocrx_word' id='word_1_137' title='bbox 1532 2007 1822 2084; x_wconf 89' lang='lat' dir='ltr'><strong>siquidem</strong></span> <span class='ocrx_word' id='word_1_138' title='bbox 1888 2009 2185 2069; x_wconf 90' lang='lat' dir='ltr'><strong>diuertens</strong></span> <span class='ocrx_word' id='word_1_139' title='bbox 2238 2012 2314 2068; x_wconf 91' lang='lat' dir='ltr'><strong>ad</strong></span> 
     </span>
     <span class='ocr_line' id='line_1_20' title="bbox 340 2104 2314 2183; baseline 0 -18"><span class='ocrx_word' id='word_1_140' title='bbox 340 2107 702 2183; x_wconf 89' lang='lat' dir='ltr'><strong>prouinciam</strong></span> <span class='ocrx_word' id='word_1_141' title='bbox 733 2104 1092 2165; x_wconf 90' lang='lat' dir='ltr'><strong>Australium</strong></span> <span class='ocrx_word' id='word_1_142' title='bbox 1131 2106 1443 2178; x_wconf 87' lang='lat' dir='ltr'><strong>Saxonum,</strong></span> <span class='ocrx_word' id='word_1_143' title='bbox 1482 2124 1634 2180; x_wconf 89' lang='lat' dir='ltr'><strong>quae</strong></span> <span class='ocrx_word' id='word_1_144' title='bbox 1672 2115 1808 2180; x_wconf 88' lang='lat' dir='ltr'><strong>post</strong></span> <span class='ocrx_word' id='word_1_145' title='bbox 1851 2106 2200 2167; x_wconf 83' lang='lat' dir='ltr'><strong>Cantuarios</strong></span> <span class='ocrx_word' id='word_1_146' title='bbox 2238 2108 2314 2165; x_wconf 90' lang='lat' dir='ltr'><strong>ad</strong></span> 
     </span>
     <span class='ocr_line' id='line_1_21' title="bbox 241 2202 2314 2277; baseline 0 -16"><span class='ocrx_word' id='word_1_147' title='bbox 241 2237 316 2274; x_wconf 85' lang='lat'><strong>20</strong></span> <span class='ocrx_word' id='word_1_148' title='bbox 343 2214 599 2263; x_wconf 86' lang='lat' dir='ltr'><strong>austrum</strong></span> <span class='ocrx_word' id='word_1_149' title='bbox 628 2213 689 2262; x_wconf 84' lang='lat' dir='ltr'><strong>et</strong></span> <span class='ocrx_word' id='word_1_150' title='bbox 725 2204 802 2261; x_wconf 90' lang='lat' dir='ltr'><strong>ad</strong></span> <span class='ocrx_word' id='word_1_151' title='bbox 845 2202 1216 2261; x_wconf 92' lang='lat' dir='ltr'><strong>occidentem</strong></span> <span class='ocrx_word' id='word_1_152' title='bbox 1252 2221 1439 2277; x_wconf 89' lang='lat' dir='ltr'><strong>usque</strong></span> <span class='ocrx_word' id='word_1_153' title='bbox 1479 2203 1559 2260; x_wconf 93' lang='lat' dir='ltr'><strong>ad</strong></span> <span class='ocrx_word' id='word_1_154' title='bbox 1599 2202 2014 2263; x_wconf 81' lang='lat' dir='ltr'><strong>Occidentales</strong></span> <span class='ocrx_word' id='word_1_155' title='bbox 2055 2204 2314 2262; x_wconf 84' lang='lat' dir='ltr'><strong>Saxones</strong></span> 
     </span>
     <span class='ocr_line' id='line_1_22' title="bbox 341 2296 2314 2376; baseline -0.001 -17"><span class='ocrx_word' id='word_1_156' title='bbox 341 2299 617 2376; x_wconf 89' lang='lat' dir='ltr'><strong>pertingit</strong></span> <span class='ocrx_word' id='word_1_157' title='bbox 653 2300 877 2358; x_wconf 89' lang='lat' dir='ltr'><strong>habens</strong></span> <span class='ocrx_word' id='word_1_158' title='bbox 914 2309 1126 2358; x_wconf 89' lang='lat' dir='ltr'><strong>terram</strong></span> <span class='ocrx_word' id='word_1_159' title='bbox 1161 2297 1509 2356; x_wconf 88' lang='lat' dir='ltr'><strong>familiarum</strong></span> <span class='ocrx_word' id='word_1_160' title='bbox 1549 2296 1630 2355; x_wconf 91' lang='lat' dir='ltr'><strong>uii</strong></span> <span class='ocrx_word' id='word_1_161' title='bbox 1665 2297 1891 2356; x_wconf 89' lang='lat' dir='ltr'><strong>milium</strong></span> <span class='ocrx_word' id='word_1_162' title='bbox 1920 2308 1979 2357; x_wconf 90' lang='lat' dir='ltr'><strong>et</strong></span> <span class='ocrx_word' id='word_1_163' title='bbox 2014 2316 2087 2357; x_wconf 91' lang='lat' dir='ltr'><strong>eo</strong></span> <span class='ocrx_word' id='word_1_164' title='bbox 2120 2299 2314 2358; x_wconf 90' lang='lat' dir='ltr'><strong>adhuc</strong></span> 
     </span>
    </p>

    <p class='ocr_par' dir='ltr' id='par_1_8' title="bbox 239 2394 2316 2857">
     <span class='ocr_line' id='line_1_23' title="bbox 292 2394 2315 2472; baseline -0.001 -16"><span class='ocrx_word' id='word_1_165' title='bbox 292 2433 297 2440; x_wconf 92' lang='lat'><em>-</em></span> <span class='ocrx_word' id='word_1_166' title='bbox 341 2409 604 2472; x_wconf 90' lang='lat' dir='ltr'><strong>tempore</strong></span> <span class='ocrx_word' id='word_1_167' title='bbox 645 2394 888 2472; x_wconf 86' lang='lat' dir='ltr'><strong>paganis</strong></span> <span class='ocrx_word' id='word_1_168' title='bbox 935 2394 1186 2453; x_wconf 89' lang='lat' dir='ltr'><strong>cultibus</strong></span> <span class='ocrx_word' id='word_1_169' title='bbox 1239 2394 1547 2466; x_wconf 88' lang='lat' dir='ltr'><strong>seruiebat,</strong></span> <span class='ocrx_word' id='word_1_170' title='bbox 1588 2394 1729 2453; x_wconf 91' lang='lat' dir='ltr'><strong>huic</strong></span> <span class='ocrx_word' id='word_1_171' title='bbox 1779 2396 2027 2454; x_wconf 90' lang='lat' dir='ltr'><strong>uerbum</strong></span> <span class='ocrx_word' id='word_1_172' title='bbox 2074 2396 2211 2454; x_wconf 90' lang='lat' dir='ltr'><strong>fidei</strong></span> <span class='ocrx_word' id='word_1_173' title='bbox 2257 2408 2315 2456; x_wconf 90' lang='lat' dir='ltr'><strong>et</strong></span> 
     </span>
     <span class='ocr_line' id='line_1_24' title="bbox 341 2489 2314 2568; baseline 0 -17"><span class='ocrx_word' id='word_1_174' title='bbox 341 2495 634 2553; x_wconf 88' lang='lat' dir='ltr'><strong>lauacrum</strong></span> <span class='ocrx_word' id='word_1_175' title='bbox 668 2491 870 2551; x_wconf 86' lang='lat' dir='ltr'><strong>salutis</strong></span> <span class='ocrx_word' id='word_1_176' title='bbox 910 2489 1290 2550; x_wconf 86' lang='lat' dir='ltr'><strong>ministrabat.</strong></span> <span class='ocrx_word' id='word_1_177' title='bbox 1375 2500 1498 2548; x_wconf 89' lang='lat' dir='ltr'><strong>erat</strong></span> <span class='ocrx_word' id='word_1_178' title='bbox 1531 2501 1733 2549; x_wconf 85' lang='lat' dir='ltr'><strong>autem</strong></span> <span class='ocrx_word' id='word_1_179' title='bbox 1768 2508 1872 2550; x_wconf 85' lang='lat' dir='ltr'><strong>rex</strong></span> <span class='ocrx_word' id='word_1_180' title='bbox 1901 2490 2091 2566; x_wconf 88' lang='lat' dir='ltr'><strong>gentis</strong></span> <span class='ocrx_word' id='word_1_181' title='bbox 2131 2490 2314 2568; x_wconf 87' lang='lat' dir='ltr'><strong>ipsius</strong></span> 
     </span>
     <span class='ocr_line' id='line_1_25' title="bbox 339 2583 2316 2661; baseline -0.001 -14"><span class='ocrx_word' id='word_1_182' title='bbox 339 2587 685 2660; x_wconf 90' lang='lat' dir='ltr'><strong>Aediluach,</strong></span> <span class='ocrx_word' id='word_1_183' title='bbox 727 2606 855 2646; x_wconf 88' lang='lat' dir='ltr'><strong>non</strong></span> <span class='ocrx_word' id='word_1_184' title='bbox 896 2586 1082 2644; x_wconf 89' lang='lat' dir='ltr'><strong>multo</strong></span> <span class='ocrx_word' id='word_1_185' title='bbox 1135 2587 1273 2644; x_wconf 88' lang='lat' dir='ltr'><strong>ante</strong></span> <span class='ocrx_word' id='word_1_186' title='bbox 1329 2583 1657 2660; x_wconf 85' lang='lat' dir='ltr'><strong>baptizatus</strong></span> <span class='ocrx_word' id='word_1_187' title='bbox 1704 2584 1767 2643; x_wconf 89' lang='lat' dir='ltr'><strong>in</strong></span> <span class='ocrx_word' id='word_1_188' title='bbox 1812 2584 2117 2661; x_wconf 90' lang='lat' dir='ltr'><strong>prouincia</strong></span> <span class='ocrx_word' id='word_1_189' title='bbox 2162 2589 2316 2646; x_wconf 92' lang='lat' dir='ltr'><strong>Mer-</strong></span> 
     </span>
     <span class='ocr_line' id='line_1_26' title="bbox 239 2682 2315 2765; baseline -0.002 -18"><span class='ocrx_word' id='word_1_190' title='bbox 239 2708 309 2765; x_wconf 84' lang='lat'><strong>25</strong></span> <span class='ocrx_word' id='word_1_191' title='bbox 340 2682 563 2742; x_wconf 90' lang='lat' dir='ltr'><strong>ciorum</strong></span> <span class='ocrx_word' id='word_1_192' title='bbox 588 2692 893 2759; x_wconf 89' lang='lat' dir='ltr'><strong>praesente</strong></span> <span class='ocrx_word' id='word_1_193' title='bbox 935 2700 1007 2740; x_wconf 90' lang='lat' dir='ltr'><strong>ac</strong></span> <span class='ocrx_word' id='word_1_194' title='bbox 1042 2691 1388 2757; x_wconf 86' lang='lat' dir='ltr'><strong>suggerente</strong></span> <span class='ocrx_word' id='word_1_195' title='bbox 1415 2700 1551 2757; x_wconf 90' lang='lat' dir='ltr'><strong>rege</strong></span> <span class='ocrx_word' id='word_1_196' title='bbox 1588 2682 1894 2754; x_wconf 89' lang='lat' dir='ltr'><strong>Vulfhere,</strong></span> <span class='ocrx_word' id='word_1_197' title='bbox 1924 2701 1961 2740; x_wconf 88' lang='lat' dir='ltr'><strong>a</strong></span> <span class='ocrx_word' id='word_1_198' title='bbox 1988 2701 2110 2757; x_wconf 90' lang='lat' dir='ltr'><strong>quo</strong></span> <span class='ocrx_word' id='word_1_199' title='bbox 2139 2684 2315 2743; x_wconf 88' lang='lat' dir='ltr'><strong>etiam</strong></span> 
     </span>
     <span class='ocr_line' id='line_1_27' title="bbox 340 2777 2312 2857; baseline 0.002 -19"><span class='ocrx_word' id='word_1_200' title='bbox 340 2798 601 2856; x_wconf 88' lang='lat' dir='ltr'><strong>egressus</strong></span> <span class='ocrx_word' id='word_1_201' title='bbox 638 2780 714 2838; x_wconf 92' lang='lat' dir='ltr'><strong>de</strong></span> <span class='ocrx_word' id='word_1_202' title='bbox 748 2780 912 2838; x_wconf 90' lang='lat' dir='ltr'><strong>fonte</strong></span> <span class='ocrx_word' id='word_1_203' title='bbox 944 2779 1078 2837; x_wconf 94' lang='lat' dir='ltr'><strong>loco</strong></span> <span class='ocrx_word' id='word_1_204' title='bbox 1113 2777 1214 2835; x_wconf 90' lang='lat' dir='ltr'><strong>filii</strong></span> <span class='ocrx_word' id='word_1_205' title='bbox 1255 2783 1559 2852; x_wconf 87' lang='lat' dir='ltr'><strong>susceptus</strong></span> <span class='ocrx_word' id='word_1_206' title='bbox 1599 2788 1727 2837; x_wconf 90' lang='lat' dir='ltr'><strong>est:</strong></span> <span class='ocrx_word' id='word_1_207' title='bbox 1774 2777 1837 2836; x_wconf 91' lang='lat' dir='ltr'><strong>in</strong></span> <span class='ocrx_word' id='word_1_208' title='bbox 1875 2777 2042 2838; x_wconf 89' lang='lat' dir='ltr'><strong>cuius</strong></span> <span class='ocrx_word' id='word_1_209' title='bbox 2082 2779 2312 2857; x_wconf 89' lang='lat' dir='ltr'><strong>signum</strong></span> 
     </span>
    </p>
   </div>
  </div>
 </body>
</html>
