2567 3750
263 56 373 124 148
524 66 793 117 BEDA'S
829 66 1272 117 AUTHORJTY
1308 64 1449 115 πολ)
1501 67 1652 117 THE
1693 67 1946 117 STORY.
2114 46 2232 130 [IV

256 195 539 268 fessioniS,
586 194 1068 272 quotiescumque
1116 204 1350 268 uacant,
1398 195 1663 254 texendis
1710 193 2104 254 subtilioribus
2151 192 2234 251 in-

257 292 549 351 dumentis
577 309 815 366 operam
848 290 1009 359 dant,
1049 288 1260 364 quibus
1298 300 1400 348 aut
1442 309 1503 349 se
1537 289 1691 366 ipsas
1722 291 1799 349 ad
1833 288 2025 348 uicem
2062 307 2233 365 spon-

258 390 450 445 sarum
479 386 541 445 in
565 385 890 462 periculum
929 383 1017 442 sui
1060 394 1242 443 status
1277 385 1567 444 adornent
1602 395 1701 444 aut
1728 395 2096 443 externorum
2123 382 2233 443 sibi

258 480 514 539 uirorum
558 478 872 538 amicitiam
920 489 1283 554 comparent.
1366 481 1525 538 unde
1567 479 1775 539 merito
1822 481 1957 538 loco
1996 477 2135 536 huic
2174 489 2232 537 et

256 572 682 633 habitatoribus
708 571 833 632 eius
859 571 1050 647 grauis
1087 573 1164 631 de
1199 574 1367 632 caelo
1402 572 1664 633 uindicta
1698 572 1948 632 flammis
1976 572 2234 632 saeuien-

255 669 413 728 tibus
440 678 779 745 praeparata
807 670 930 727 est.'
1011 668 1156 728 dixit
1181 680 1380 728 autem
1416 668 1744 728 abbatissa:
1788 674 1804 701 ‘
1820 678 1879 728 et
1906 686 2084 743 quare
2109 687 2232 729 non

257 763 428 823 citius
460 764 576 822 hoc
607 772 951 838 conpertum
987 762 1132 821 mihi
1167 765 1426 822 reuelare
1462 763 1698 824 uoluisti
1713 767 1743 824 P
1759 764 1775 791 '
1856 763 1959 839 qui
2000 781 2234 837 respon-

259 860 381 920 dit:
444 864 460 893 ‘
476 858 645 918 timui
697 869 934 935 propter
985 859 1371 919 reuerentiam
1423 871 1603 935 tuam,
1658 880 1735 925 ne
1787 863 1933 919 forte
1984 859 2230 918 nimium

257 953 721 1014 conturbareris:
770 965 829 1015 et
863 965 1062 1014 tamen
1098 956 1252 1014 hanc
1289 956 1751 1016 consolationem
1793 956 2025 1026 habeaS‚
2070 956 2231 1030 quod

256 1051 318 1109 in
357 1050 564 1110 diebus
599 1049 714 1109 tuis
752 1050 899 1108 haec
933 1051 1105 1126 plaga
1144 1068 1265 1106 non
1299 1049 1703 1124 superueniet.'
1783 1069 1902 1125 qua
1936 1050 2234 1126 diuulgata

257 1145 484 1205 uisione
525 1144 948 1221 aliquantulum
989 1141 1105 1202 loci
1144 1144 1381 1203 accolae
1424 1143 1627 1219 paucis
1671 1142 1879 1204 diebus
1898 1143 2127 1208 ,timere
2173 1156 2233 1203 et

258 1240 481 1315 seipsos
522 1237 863 1298 intermissis
899 1237 1251 1297 facinoribus
1286 1237 1568 1314 castigare
1608 1249 1943 1315 coeperunt.
2025 1258 2231 1298 uerum

255 1349 391 1415 post
424 1337 651 1397 obitum
681 1333 864 1409 ipsius
899 1333 1228 1393 abbatissae
1264 1334 1562 1394 redierunt
1595 1336 1676 1394 ad
1709 1333 1979 1410 pristinas
2011 1336 2231 1405 sordeS,

257 1435 439 1491 immo
473 1429 836 1505 sceleratiora
862 1430 1137 1488 fecerunt.
1214 1441 1274 1489 et
1311 1449 1447 1489 cum
1484 1430 1745 1490 dicerent
1776 1432 1914 1506 ‘pax
1940 1442 1999 1490 et
2026 1429 2231 1490 securi-

256 1532 380 1599 taS,'
410 1528 690 1603 extimplo
716 1527 1006 1602 praefatae
1034 1526 1270 1585 ultionis
1299 1538 1433 1586 sunt
1459 1546 1654 1602 poena
1679 1526 1922 1589 multati.

379 1627 551 1699 Quae
589 1622 733 1682 mihi
774 1609 988 1680 cuncta
1027 1621 1111 1680 sic
1159 1641 1286 1682 esse
1326 1623 1481 1682 facta
1524 1623 2023 1684 reuerentissimus
2064 1643 2231 1683 meus

258 1720 691 1795 compresbyter
716 1717 958 1794 Aedgils
994 1719 1293 1790 referebat,
1330 1718 1430 1795 qui
1467 1731 1609 1779 tunc
1645 1719 1705 1778 in
1742 1720 1844 1780 illo
1878 1722 2231 1782 monasterio

259 1818 533 1893 degebat,‘
570 1824 777 1893 postea
816 1825 1028 1886 autem,
1059 1814 1492 1876 discedentibus
1528 1816 1667 1877 inde
1700 1818 1780 1877 ob
1809 1817 2229 1879 desolationem

258 1913 521 1990 plurimis
564 1912 900 1985 incolarum,
943 1911 1006 1970 in
1047 1923 1248 1971 nostro
1290 1913 1640 1972 monasterio
1679 1913 1931 1989 plurimo
1969 1924 2231 1989 tempore

260 2018 636 2069 conuersatus
682 2007 1020 2082 ibidemque
1074 2008 1385 2067 defunctus
1427 2018 1528 2066 est.
1612 2009 1760 2068 haec
1811 2008 1949 2068 ideo
2000 2019 2232 2069 nostrae

260 2102 532 2163 historiae
575 2101 883 2161 inserenda
930 2100 1302 2174 credidimus,
1351 2113 1416 2161 ut
1457 2103 1930 2163 admoneremus
1954 2105 2230 2163 lectorem

263 2219 505 2276 operum
559 2197 800 2270 domini,
857 2216 1033 2273 quam
1103 2197 1368 2257 terribilis
1421 2197 1483 2256 in
1537 2199 1793 2259 consiliis
1859 2218 2033 2275 super
2082 2200 2232 2259 filios

262 2296 602 2356 hominurn:
670 2313 747 2353 ne
794 2294 940 2353 forte
988 2312 1096 2353 nos
1143 2304 1408 2370 tempore
1454 2295 1651 2371 aliquo
1698 2295 1885 2355 carnis
1927 2296 2232 2356 inlecebris

263 2390 579 2451 seruientes
606 2389 918 2480 minusque
945 2388 1043 2448 dei
1070 2388 1352 2448 iudicium
1378 2389 1755 2450 formidantes
1780 2390 2082 2467 repentina
2108 2390 2234 2450 eius

263 2488 348 2546 ira
399 2485 668 2561 corripiat
722 2496 781 2544 et
832 2486 929 2545 uel
982 2486 1400 2561 temporalibus
1453 2486 1685 2546 damnis
1750 2487 1901 2548 iuste
1966 2487 2234 2548 saeuiens

263 2584 475 2660 affligat
502 2585 598 2643 uel
632 2583 710 2643 ad
745 2593 1088 2658 perpetuam
1123 2582 1511 2658 perditionem
1548 2583 1863 2644 districtius
1897 2584 2236 2646 examinans

264 2684 445 2741 tollat.

1119 2821 1378 2905 [XXVI]

268 2950 570 3073 ANNO
622 2945 970 3006 Dominicae
1023 2945 1436 3007 incarnationis
1489 2946 1798 3022 dclxxxiiii,
1852 2948 2086 3026 Ecgfrid
2138 2969 2238 3008 rex

433 3044 1073 3120 Nordanhymbrorum,
1135 3043 1316 3104 misso
1384 3043 1733 3105 Hiberniam
1786 3064 1921 3104 cum
1988 3045 2238 3105 exercitu

266 3138 418 3196 duce
464 3138 689 3209 Bercto,
734 3136 985 3196 uastauit
1037 3137 1246 3198 misere
1297 3149 1535 3215 gentem
1580 3139 1879 3201 innoxiam
1918 3152 1979 3201 et
2014 3140 2236 3202 nationi

331 3273 372 3305 ¹⁰
403 3274 509 3321 deu-
535 3288 624 3320 ms.
796 3272 839 3305 ¹⁸
870 3276 987 3323 desc·
1010 3290 1098 3324 ms.
1277 3274 1322 3308 ⁸⁶
1353 3278 1497 3326 destr·
1522 3294 1611 3328 ms.
1804 3278 1849 3312 ²⁸
1868 3281 2068 3329 XXIV
2078 3296 2168 3329 ms.

2264 1080 2334 1117 10

2261 2034 2336 2073 20

2264 2509 2333 2569 ²5

2264 3077 2340 3132 30
