2567 3750
294 167 370 224 62
636 176 870 227 KJNGS
905 172 1281 225 SJGBERCT
1312 172 1480 222 ANB
1520 170 1934 222 SUJDHELM
2153 150 2278 239 [ΙΙΙ

292 325 533 368 suorum
581 325 762 365 manu
804 303 1067 365 interfici.·
1152 315 1317 365 erant
1363 313 1564 363 autem
1607 305 1731 365 duo
1772 302 2036 380 germani
2080 303 2280 363 fratres

292 402 396 478 qui
438 403 551 461 hoc
591 400 817 460 facinus
856 409 1194 477 patrarunt3
1250 398 1355 475 qui
1395 419 1534 459 cum
1575 399 2063 477 interrogarentur
2104 417 2279 474 quare

290 498 406 557 hoc
434 499 704 570 facerent,
746 495 829 556 nil
865 495 1028 555 aliud
1062 496 1419 571 respondere
1456 505 1791 572 potuerunt,
1828 493 1939 554 nisi
1969 495 2047 555 ob
2074 495 2191 554 hoc
2218 512 2278 554 se

290 594 467 654 iratos
499 593 675 653 fuisse
704 604 764 652 et
789 591 1062 652 inimicos
1097 591 1236 669 regi,
1278 594 1445 668 quod
1480 591 1578 652 ille
1615 590 1864 650 nimium
1893 590 2013 650 suis
2044 608 2279 666 parcere

291 692 506 750 soleret
538 688 790 749 inimicis
827 698 888 748 et
922 690 1106 748 factas
1144 689 1220 749 ab
1256 687 1342 747 eis
1386 686 1624 747 iniurias
1662 706 1804 746 mox
1839 685 2277 747 obsecrantibus

288 785 522 861 placida
563 796 763 845 mente
810 784 1160 846 demitteret.
1246 783 1378 845 talis
1422 794 1545 845 erat
1598 785 1774 860 culpa
1818 781 1970 859 regis
2011 800 2121 856 pro
2163 801 2281 858 qua

289 881 671 954 occideretur,
721 883 885 957 quod
932 879 1274 957 euangelica
1319 889 1634 957 praecepta
1680 880 1903 940 deuoto
1948 878 2126 936 corde
2170 894 2280 935 ser-

287 987 489 1037 uaret:
530 977 591 1037 in
635 996 754 1054 qua
794 988 993 1036 tamen
1035 977 1161 1036 eius
1204 987 1392 1037 morte
1434 975 1674 1036 innoxia
1714 975 1875 1035 iuxta
1914 972 2277 1050 praedictum

287 1073 397 1133 uiri
441 1073 541 1134 dei
588 1094 728 1134 uera
771 1084 861 1133 est
903 1073 1030 1133 eius
1071 1075 1247 1149 culpa
1288 1072 1512 1150 punita.
1597 1073 1879 1133 habuerat
1922 1070 2083 1132 enim
2125 1089 2279 1130 unus

288 1190 361 1231 ex
395 1170 487 1229 his
529 1170 632 1247 qui
668 1190 806 1230 eum
847 1170 1192 1230 occiderunt
1227 1169 1544 1229 comitibus
1586 1169 1875 1229 inlicitum
1918 1168 2276 1245 coniugium,

289 1269 454 1343 quod
481 1286 618 1326 cum
648 1266 960 1343 episcopus
998 1266 1307 1344 prohibere
1345 1277 1406 1326 et
1441 1266 1726 1345 corrigere
1764 1286 1887 1327 non
1921 1278 2143 1343 posset,
2184 1286 2280 1328 ex-

286 1363 749 1424 communicauit
801 1383 939 1422 eum
993 1375 1172 1439 atque
1227 1363 1505 1424 omnibus
1560 1363 1662 1439 qui
1703 1383 1767 1424 se
1807 1363 2010 1424 audire
2057 1365 2280 1424 uellent

284 1460 583 1536 praecepit
627 1479 702 1519 ne
751 1460 998 1519 domum
1046 1459 1171 1520 eius
1225 1459 1509 1520 intrarent
1555 1479 1750 1536 neque
1800 1463 1876 1521 de
1924 1460 2071 1522 cibis
2124 1461 2280 1520 illius

286 1556 634 1633 acciperent.
720 1556 1036 1617 contemsit
1079 1569 1278 1617 autem
1332 1577 1435 1617 rex
1487 1567 1885 1634 praeceptum,
1936 1570 1996 1617 et
2041 1570 2279 1635 rogatus

285 1671 322 1714 a
348 1653 564 1713 comite
592 1653 828 1713 intrauit
859 1656 1195 1729 epulaturus
1233 1655 1480 1713 domum
1517 1654 1659 1716 eius,
1746 1652 1849 1728 qui
1880 1672 2017 1713 cum
2045 1654 2279 1730 abisset,

286 1752 551 1813 obuiauit
597 1752 653 1812 ei
700 1752 958 1823 antistes,
1009 1761 1069 1811 at
1110 1772 1212 1812 rex
1254 1750 1491 1811 intuens
1535 1770 1673 1810 eum
1721 1769 1864 1810 mox
1906 1754 2280 1813 tremefactus

285 1849 521 1911 desiluit
581 1868 740 1927 equo
794 1849 1125 1926 ceciditque
1179 1860 1317 1909 ante
1372 1850 1557 1926 pedes
1612 1848 1738 1909 eius
1791 1847 2029 1909 ueniam
2082 1860 2278 1910 reatus

284 1950 603 2024 postulans.
688 1967 827 2006 nam
864 1959 924 2007 et
960 1947 1275 2023 episcopus
1310 1946 1525 2022 pariter
1560 1946 1813 2020 desiluit,
1854 1948 2084 2007 sederat
2118 1947 2278 2007 enim

181 2113 190 2122 .
284 2053 345 2104 et
372 2042 496 2119 ipse
526 2043 586 2101 in
615 2062 787 2119 equo,
873 2042 1052 2101 iratus
1087 2053 1288 2101 autem
1326 2041 1515 2119 tetigit
1549 2062 1748 2119 regem
1786 2043 2077 2103 iacentem
2113 2044 2279 2121 uirga

285 2158 465 2216 quam
520 2140 760 2199 tenebat
811 2158 992 2198 manu
1040 2149 1100 2198 et
1144 2138 1467 2214 pontificali
1521 2139 1868 2199 auctoritate
1920 2150 2278 2216 protestatus

285 2241 302 2269 ‘
321 2236 458 2296 dico
487 2235 593 2296 tibi
616 2238 629 2263 '
657 2236 847 2313 inquit
877 2241 891 2268 ‘
911 2235 1050 2312 quia
1087 2235 1326 2295 noluisti
1360 2247 1421 2295 te
1456 2236 1757 2295 continere
1786 2256 1822 2294 a
1851 2237 2035 2296 domu
2061 2238 2279 2314 perditi

283 2344 344 2392 et
373 2332 635 2393 damnati
663 2332 832 2404 iuius,
863 2343 928 2392 tu
956 2333 1015 2391 in
1045 2333 1169 2409 ipsa
1199 2335 1382 2393 domu
1416 2334 1566 2394 mori
1598 2335 1818 2394 habes!
1900 2336 2005 2394 sed
2033 2336 2280 2396 creden-

286 2431 431 2489 dum
460 2441 548 2489 est
586 2429 724 2506 quia
760 2429 890 2489 talis
927 2450 1084 2490 mors
1118 2430 1227 2490 uiri
1262 2430 1517 2507 religiosi
1553 2451 1676 2491 non
1714 2433 1906 2491 solum
1943 2433 2120 2491 talem
2159 2435 2280 2492 cul-

285 2546 423 2603 pam
453 2526 701 2598 diluerit,
733 2527 835 2585 sed
867 2525 1044 2585 etiam
1077 2525 1351 2585 meritum
1379 2525 1505 2585 eius
1532 2526 1790 2587 auxerit:
1833 2526 1972 2603 quia
1998 2527 2278 2588 nimirum

285 2623 365 2682 ob
402 2640 640 2681 causam
677 2620 926 2696 pietati3‚
958 2620 1098 2697 quia
1133 2632 1373 2697 propter
1399 2622 1833 2682 obseruantiam
1861 2624 2276 2684 mandatorum

287 2719 505 2779 Christi
532 2717 795 2794 contigit.

407 2813 700 2874 Successit
752 2824 950 2873 autem
1006 2812 1308 2890 Sigbercto
1356 2813 1417 2873 in
1462 2833 1708 2890 regnum
1763 2813 2068 2874 Suidhelm
2121 2815 2279 2878 filius

285 2911 577 2984 Sexbaldi,
633 2910 737 2987 qui
790 2911 1117 2988 baptizatus
1160 2921 1250 2971 est
1305 2912 1379 2972 ab
1434 2910 1565 2987 ipso
1610 2912 1817 2972 Cedde
1863 2910 1926 2970 in
1969 2912 2280 2987 prouincia

288 3008 674 3071 Orientalium
684 3010 1012 3084 Anglorum
1035 3008 1095 3066 in
1115 3007 1253 3067 uico
1273 3008 1435 3085 regio
1457 3008 1559 3084 qui
1580 3008 1793 3068 dicitur
1815 3010 2273 3085 Rendlaesham,

285 3105 348 3164 id
391 3114 480 3163 est
524 3104 751 3163 mansio
800 3105 1078 3175 Rendili3
1140 3104 1513 3181 suscepitque
1557 3123 1695 3163 eum
1735 3105 2155 3165 ascendentem
2199 3109 2277 3168 de

283 3200 448 3259 fonte
494 3209 697 3257 sancto
740 3198 1055 3258 Aediluald
1098 3220 1199 3259 rex
1237 3200 1420 3275 ipsius
1459 3199 1649 3276 gentis
1689 3199 2077 3261 Orientalium
2116 3205 2279 3280 Ang-

287 3296 477 3355 lorum
507 3294 680 3353 frater
706 3297 883 3353 Anna
910 3295 1057 3371 regis
1088 3299 1428 3356 eorundem.

674 3402 696 3435 ⁶
725 3405 839 3453 solet
857 3421 949 3454 ms.
1074 3430 1079 3438 ·
1273 3406 1314 3439 ¹¹
1347 3408 1765 3457 excommonicauit
1794 3424 1886 3459 ms.

2310 1192 2378 1230 10

2309 2161 2383 2199 20

2309 2638 2381 2697 25

2308 3126 2392 3182 30
