2567 3750
362 186 403 233 v
434 172 534 255 24]
854 191 1108 241 WORKS
1145 164 1351 239 S'ENT
1388 192 1484 240 To
1525 191 1866 243 ALBINUS.
1952 146 1961 157 x
2229 182 2334 250 167

364 337 655 378 summare
708 317 894 393 potui,
938 320 1015 377 ad
1069 317 1602 377 transscribendum
1643 317 1851 378 remisi.
1918 319 2022 377 sed
2064 328 2124 381 et
2162 319 2335 387 aliud,

365 415 529 489 quod
557 425 614 474 te
642 415 850 490 partim
882 415 1211 475 desiderare
1240 414 1518 491 comperi,
1551 416 1829 474 uolumen
1864 415 1969 476 tibi
1997 414 2127 475 uice
2155 434 2341 497 remu-¹

363 509 679 571 nerationis
732 530 918 587 aeque
972 513 1051 571 ad
1117 511 1649 571 transscribendum
1704 510 2010 577 destinaui,
2064 509 2340 569 uidelicet

360 602 508 665 illud
544 606 709 682 quod
746 607 822 666 de
864 617 1147 666 structura
1186 606 1394 682 templi
1435 607 1766 666 Salomonis
1807 619 1984 682 atque
2028 604 2338 682 allegorica

295 704 334 763 5'
363 701 487 763 eius
520 702 996 779 interpretatione
1037 723 1228 781 nuper
1265 703 1442 763 edidi.
1485 716 1678 779 teque,
1716 703 2114 762 amantissime
2154 712 2335 779 pater,

357 799 606 873 supplex
638 801 899 870 obsecrO‚
936 811 1002 858 ut
1037 819 1144 875 pro
1176 819 1311 858 mea
1346 799 1648 874 fragilitate
1691 818 1826 859 cum
1869 799 1959 858 his
2000 799 2100 876 qui
2140 810 2334 858 tecum

361 906 497 953 sunt
523 895 753 954 famulis
782 897 998 957 Christi
1026 899 1185 972 apud
1212 896 1378 972 pium
1411 895 1667 954 iudicem
1705 897 1944 955 sedulus
1975 895 2337 955 intercedere

358 990 732 1050 memineris:
793 994 898 1070 sed
945 1004 1005 1053 et
1047 1013 1151 1063 eos
1204 995 1280 1052 ad
1336 1013 1487 1069 quos
1540 995 1748 1054 eadem
1802 1003 2001 1052 nostra
2055 991 2337 1067 opuscula

265 1122 270 1125 -
356 1086 659 1160 peruenire
714 1089 933 1160 feceris,
990 1090 1107 1147 hoc
1159 1088 1320 1147 idem
1374 1091 1563 1148 facere
1618 1087 1922 1147 monueris.
1978 1090 2130 1147 bene
2188 1090 2332 1160 uale,

256 1207 332 1245 10
356 1204 586 1261 semper
610 1184 1005 1248 amantissime
1032 1183 1092 1243 in
1123 1185 1358 1245 Christo
1383 1196 1550 1260 pater
1575 1184 1812 1261 optime.

1146 1523 1569 1602 HEV24

354 1721 728 1847 VERVM
779 1745 850 1785 ea
896 1744 1048 1802 quae
1096 1735 1430 1798 temporum
1474 1720 1850 1781 distinctione
1892 1721 2065 1779 latius
2107 1721 2333 1796 digesta

556 1833 692 1883 sunt
718 1823 797 1883 ob
826 1821 1167 1882 memoriam
1196 1821 1659 1880 conseruandam
1689 1818 1942 1880 breuiter
1966 1819 2329 1896 recapitulari

335 1917 584 1994 placuit.

252 2025 317 2083 15
466 2018 646 2075 Anno
687 2013 859 2091 igitur
901 2023 1037 2073 ante
1070 2011 1533 2071 incarnationem
1571 2010 1928 2072 dominicam
1966 2011 2327 2087 sexagesimo

348 2107 529 2169 Gaius
577 2111 764 2169 Iulius
812 2111 1029 2169 Caesar
1080 2108 1302 2184 primus
1357 2110 1763 2166 Romanorum
1815 2106 2122 2166 Brittanias
2171 2110 2327 2168 bello

344 2206 598 2282 pulsauit
627 2216 688 2265 et
712 2205 871 2277 uicit,
902 2223 1014 2263 nec
1040 2215 1239 2262 tamen
1269 2202 1350 2260 ibi
1377 2221 1619 2278 regnum
1647 2201 1839 2277 potuit
1868 2202 2149 2262 obtinere.

462 2304 643 2361 Anno
690 2302 765 2360 ab
815 2300 1213 2362 incarnatione
1256 2300 1483 2359 domini
1523 2299 1643 2357 xlui
1687 2298 1985 2370 ClaudiuS,
2034 2291 2327 2359 secundus

344 2398 753 2458 Romanorum
782 2396 1093 2457 Brittanias
1130 2397 1352 2468 adiens,
1384 2395 1691 2472 plurimam
1732 2395 1957 2454 insulae
1998 2406 2221 2470 partem
2264 2396 2324 2454 in

241 2512 317 2551 20
344 2494 706 2553 deditionem
759 2492 981 2570 recepit
1035 2504 1094 2551 et
1161 2494 1422 2552 Orcadas
1484 2510 1722 2568 quoque
1776 2491 1994 2549 insulas
2048 2493 2323 2551 Romano

340 2590 557 2649 adiecit
583 2589 845 2667 imperio,

458 2689 639 2745 Anno
690 2683 1105 2745 incarnationis
1161 2682 1495 2742 dominicae
1549 2679 1727 2740 clxuii
1769 2682 2049 2741 Eleuther
2091 2684 2320 2743 Romae

335 2784 569 2858 praesul
612 2783 799 2844 factus
852 2800 930 2840 xu
971 2800 1159 2840 annos
1203 2780 1510 2839 ecclesiam
1559 2779 1969 2855 gloriosissime
2017 2780 2179 2853 rexit,
2228 2782 2318 2838 cui

431 2940 475 2973 ¹⁰
505 2942 634 2994 hanc
654 2941 915 3006 epistolam
936 2957 998 2990 ex
1025 2957 1101 2990 ms
1125 2942 1294 2989 codice
1325 2940 1584 2990 Mettensis
1613 2939 1901 2989 monasterii
1936 2940 2093 2988 sancti
2125 2941 2318 2989 Amulfi

336 3006 461 3054 eruit
476 3007 707 3069 mihique
740 3006 1006 3055 transmisit
1035 3006 1111 3053 uir
1139 3005 1394 3067 religiosus
1422 3006 1649 3052 Domnus
1681 3004 1909 3052 Placidus
1945 3004 2313 3062 Beuuillionius‚

332 3070 551 3128 eiusdem
583 3072 677 3119 loci
712 3077 817 3119 tum
851 3070 1088 3133 subprior.
1155 3085 1255 3131 quo
1284 3068 1337 3115 in
1369 3070 1539 3116 codice
1571 3068 1780 3116 habetur
1810 3068 1934 3116 haec
1966 3068 2176 3129 epistola
2208 3084 2316 3116 cum

331 3131 426 3181 hac
468 3134 813 3197 inscriptione:
859 3134 1031 3196 inczpit
1054 3133 1300 3196 praefatio
1333 3133 1632 3195 Praesbyteri
1661 3132 1735 3179 ad
1763 3131 2040 3179 Alcuinum
2075 3133 2124 3179 A
2129 3131 2317 3180 bbatum

332 3196 456 3258 [sic].
529 3199 665 3261 quod
703 3205 992 3261 argumento
1031 3205 1105 3245 est
1143 3197 1443 3259 superiorem
1478 3195 1738 3258 epistolam
1773 3195 2089 3258 praefationis
2127 3195 2235 3243 uice
2267 3196 2316 3243 in

331 3261 610 3326 Anglicana
633 3263 799 3310 Bedae
820 3261 1024 3310 historia
1054 3261 1201 3308 fuisse
1229 3261 1506 3323 appositam
1529 3275 1560 3307 a
1580 3259 1752 3307 scribis
1773 3258 2039 3317 nonnullis,
2063 3259 2149 3322 qui
2171 3259 2314 3307 Albi-

327 3338 448 3378 num
469 3327 598 3374 hunc
620 3326 831 3374 eundem
853 3340 959 3373 esse
980 3341 1094 3373 cum
1117 3324 1334 3372 Alcuino
1356 3330 1668 3387 putauerunt.
1724 3333 2033 3372 MABILLON.

421 3387 467 3419 ³²
498 3391 751 3440 Romanae
769 3405 860 3441 ms-
