2567 3750
298 218 376 274 60
617 224 1226 281 RECONVERSION
1258 225 1359 279 oF
1388 225 1593 277 EAST
1623 225 1927 277 SAXONS
2145 206 2276 291 [ΙΙΙ

298 375 423 418 11011
462 359 649 418 multo
690 368 825 434 post
862 355 1066 417 relicto
1107 355 1450 432 episcopatu
1485 373 1752 415 reuersus
1785 364 1875 414 est
1911 351 1989 412 ad
2026 350 2278 412 insulam

302 452 411 511 Hii
447 452 551 513 ubi
585 451 966 529 plurimorum
1010 461 1188 527 caput
1224 461 1283 510 et
1319 469 1513 510 arcem
1549 448 1733 509 Scotti
1770 450 2027 509 habuere
2065 467 2280 508 coeno-

301 543 552 620 biorum,
594 548 948 606 succedente
984 544 1119 604 illi
1104 565 1165 603 m
1202 545 1609 622 episcopatum
1644 545 1954 604 Trumheri
1988 545 2119 604 uiro
2154 541 2283 604 reli-

301 642 468 719 gioso
495 652 557 701 et
583 640 930 701 monachica
955 640 1078 700 uita
1103 639 1388 712 instituto,
1416 639 1655 699 natione
1683 639 1924 715 quidem
1949 642 2148 717 Anglo
2175 639 2283 700 sed

300 757 340 798 a
392 739 607 799 Scottis
660 737 931 797 ordinato
987 737 1282 814 episcopo.
1384 738 1549 813 quod
1602 737 1962 813 temporibus
2009 735 2285 798 Vulfheri
2351 749 2384 810 5

300 831 470 909 regiS,
500 831 577 892 de
604 849 724 907 quo
753 831 814 890 in
841 830 1220 907 sequentibus
1244 829 1529 902 dicemuS‚
1561 830 1781 889 factum
1810 840 1912 890 est.

1186 1128 1378 1187 XXII

316 1296 495 1421 EO
524 1305 787 1374 tempore
823 1293 1000 1356 etiam
1029 1293 1359 1356 Orientales
1396 1297 1657 1356 Saxones
1693 1297 1889 1366 fidem,
1930 1314 2108 1371 quam
2144 1293 2287 1355 olim

500 1396 747 1470 expulso
802 1391 1035 1451 Mellito
1088 1391 1347 1450 antistite
1402 1390 1754 1463 abiecerant,
1809 1390 2086 1449 instantia
2138 1389 2289 1465 regis

309 1486 500 1548 Osuiu
538 1497 900 1563 receperunt.
987 1497 1108 1546 erat
1142 1486 1304 1545 'enim
1338 1505 1442 1545 rex
1479 1485 1743 1552 eiusdem
1777 1483 1967 1561 gentis
2005 1484 2285 1561 Sigberct‚
2323 1496 2393 1535 10

310 1580 410 1657 qui
447 1595 583 1657 post
614 1581 981 1658 Sigberctum
1021 1592 1420 1657 cognomento
1460 1601 1709 1659 paruum
1745 1581 2029 1656 regnauit,
2065 1580 2291 1640 amicus

311 1676 574 1736 eiusdem
616 1677 806 1738 Osuiu
844 1677 1014 1754 regis,
1057 1677 1160 1754 qui
1215 1698 1350 1739 cum
1391 1680 1725 1754 frequenter
1763 1679 1840 1736 ad
1883 1697 2018 1737 eum
2060 1678 2122 1737 in
2161 1697 2292 1754 pro-

310 1772 567 1833 uinciam
594 1776 652 1833 N
657 1776 1222 1852 ordanhymbrorum
1248 1775 1492 1849 ueniret,
1523 1777 1750 1835 solebat
1787 1795 1924 1835 eum
1960 1775 2178 1835 hortari
2214 1778 2292 1836 ad

312 1870 770 1947 intellegendum
813 1872 961 1932 deos
996 1892 1125 1934 esse
1161 1892 1285 1933 non
1325 1891 1503 1949 posse
1538 1871 1641 1948 qui
1676 1871 1983 1932 hominum
2020 1871 2294 1932 manibus

313 1967 451 2027 facti
483 1978 695 2040 essent,
727 1967 824 2027 dei
862 1968 1103 2028 creandi
1139 1967 1442 2028 materiam
1469 1968 1694 2044 lignum
1735 1970 1834 2029 uel
1871 1970 2129 2046 lapidem
2167 1989 2296 2030 esse
2328 1980 2393 2038 15

312 2083 436 2124 non
477 2083 670 2141 posse,
712 2084 964 2141 quorum
1004 2065 1292 2126 recisurae
1328 2068 1426 2125 uel
1466 2065 1586 2141 igni
1624 2067 2067 2125 absumerentur
2101 2067 2199 2126 uel
2235 2065 2298 2124 in

311 2180 456 2221 uasa
493 2162 788 2238 quaelibet
823 2163 1069 2222 humani
1103 2182 1244 2222 usus
1270 2163 1657 2221 formarentur
1683 2164 1781 2222 uel
1806 2173 1965 2222 certe
1979 2162 2299 2270 ‘despectui

312 2255 514 2317 habita
552 2259 705 2317 foras
746 2258 1144 2335 proicerentur
1187 2269 1247 2318 et
1289 2258 1539 2334 pedibus
1583 2260 1931 2317 conculcata
1975 2257 2038 2318 in
2085 2268 2298 2318 terram

311 2365 687 2415 uerterentur.
775 2357 954 2415 deum
996 2354 1192 2430 potius
1234 2353 1694 2430 intellegendum
1737 2354 2042 2426 maiestate
2078 2351 2301 2414 incom-

313 2448 766 2523 prehensibilem
819 2448 1091 2507 humanis
1151 2448 1339 2508 oculis
1406 2448 1762 2508 inuisibilem
1830 2448 2300 2525 omnipotentem
2330 2459 2400 2496 20

315 2552 637 2617 aeternum,
669 2543 771 2619 qui
797 2545 1025 2603 caelum
1053 2554 1113 2603 et
1141 2555 1355 2605 terram
1382 2555 1442 2603 et
1468 2545 1794 2602 humanum
1825 2562 2011 2620 genus
2047 2554 2303 2604 creasset

316 2647 540 2712 regeret
567 2646 627 2696 et
658 2636 1015 2697 iudicaturus
1049 2648 1204 2697 esset
1239 2639 1444 2697 orbem
1481 2637 1543 2695 in
1579 2637 1892 2714 aequitate,
1931 2638 2098 2697 cuius
2132 2639 2303 2698 sedes

318 2743 558 2794 aeterna
596 2752 720 2794 non
762 2732 826 2792 in
876 2733 981 2793 11111
1020 2745 1080 2794 et
1121 2734 1350 2793 caduco
1394 2734 1633 2793 metallo
1677 2735 1785 2794 sed
1823 2732 1889 2792 in
1932 2734 2108 2794 caelis
2149 2744 2305 2795 esset

319 2829 631 2902 credenda,
678 2828 1003 2905 meritoque
1041 2829 1501 2905 intellegendum
1538 2828 1678 2904 quia
1713 2847 1937 2899 omneS‚
1968 2828 2071 2905 qui
2098 2830 2306 2889 uolun-

319 2935 502 2985 tatem
536 2924 662 2985 eius
696 2945 732 2983 a
771 2944 889 3001 quo
926 2925 1106 2985 creati
1142 2935 1281 2984 sunt
1322 2924 1612 2987 discerent
1652 2935 1712 2984 et
1750 2925 2026 2998 facerent,
2069 2937 2307 2986 aeterna
2335 2935 2362 2972 ²
2370 2930 2402 2991 5

320 3022 399 3081 ab
426 3020 528 3081 illo
556 3020 817 3099 praemia
844 3033 1038 3084 essent
1065 3021 1409 3098 percepturi.
1482 3022 1631 3081 haec
1658 3032 1718 3083 et
1745 3022 2085 3083 huiusmodi
2120 3024 2309 3098 multa

321 3135 460 3176 cum
485 3137 587 3177 rex
612 3118 802 3181 Osuiu
837 3117 960 3195 regi
995 3118 1297 3194 Sigbercto
1333 3117 1567 3177 amicali
1593 3129 1655 3179 et
1682 3120 1848 3195 quasi
1883 3121 2137 3181 fraterno
2170 3139 2309 3181 con-

316 3212 451 3272 silio
493 3232 668 3290 saepe
709 3215 1041 3288 inculcaret,
1089 3214 1333 3273 tandem
1372 3213 1613 3275 iuuante
1650 3217 1975 3277 amicorum
2011 3235 2309 3276 consensu
2381 3221 2388 3226 “

322 3308 574 3370 credidit
600 3319 660 3370 et
694 3310 851 3370 facto
888 3329 1024 3371 cum
1064 3309 1183 3371 suis
1219 3309 1470 3373 consilio
1502 3330 1641 3371 curn
1678 3312 2041 3373 exortatione
2066 3310 2314 3374 fauenti·

1109 3435 1153 3471 ²⁷
1183 3437 1416 3504 dispectuz·
1444 3453 1536 3495 ms.
