2567 3750
326 1 427 84 24]
804 48 813 56 -
917 20 1085 72 νων
1120 24 1214 72 OF
1251 24 1441 72 KJNG
1489 22 1722 73 OSUJU.
2225 9 2296 83 65

322 142 431 206 suo
469 149 827 210 monasterio
870 144 1139 210 homines
1183 149 1411 210 circiter
1455 172 1586 222 xxx,
1628 151 1932 228 cupientes
1970 152 2048 211 ad
2092 171 2302 227 corpus

321 242 409 303 sui
450 242 630 319 patris
672 257 774 305 aut
817 246 1016 306 uiuere
1058 247 1107 307 si
1148 247 1232 307 sic
1274 248 1390 307 deo
1426 250 1685 325 placeret
1724 259 1825 307 aut
1866 248 2180 308 morientes
2221 250 2302 309 ibi

320 338 564 415 sepeliri.
655 341 759 417 qui
801 341 1051 401 libenter
1103 362 1139 401 a
1194 343 1314 402 suis
1367 344 1637 403 fratribus
1693 355 1752 404 et
1805 344 2302 405 commilitonibus

320 435 574 511 suscepti
612 455 822 496 omnes
858 437 1077 497 ibidem
1122 439 1571 514 superueniente
1607 441 1902 514 praefatae
1938 439 2302 516 pestilentiae

265 529 488 607 5·clade
517 528 782 592 defuncti
819 545 971 606 sunt,
1009 545 1255 610 excepto
1294 554 1415 595 uno
1446 537 1693 611 puerulo
1731 553 1911 610 quem
1944 535 2303 594 orationibus

320 628 497 702 patris
536 628 625 686 sui
652 648 688 687 a
714 640 901 688 morte
940 640 1169 689 constat
1205 649 1333 689 esse
1372 641 1685 690 seruatum.
1769 649 1905 691 nam
1943 649 2080 689 cum
2113 631 2302 689 multo

320 736 454 800 post
496 726 647 784 haec
689 739 956 802 tempore
1008 726 1233 786 uiueret
1281 737 1342 786 et
1395 726 1691 803 scripturis
1745 727 2008 802 legendis
2063 746 2301 803 operam

320 822 502 891 daret,
533 817 775 881 tandem
804 822 1009 882 didicit
1036 825 1099 882 s'e
1125 842 1279 899 aqua
1306 823 1669 899 baptismatis
1698 843 1820 883 non
1850 843 1979 883 esse
2006 843 2302 899 regenera-

320 912 479 986 tum,'
504 927 563 974 et
603 935 741 975 mox
779 917 943 976 fonte
982 917 1198 976 lauacri
1241 917 1504 977 salutaris
1551 920 1782 977 ablutus
1825 918 2001 977 etiam
2046 928 2302 993 postmo-

233 1029 298 1067 10
321 1011 463 1070 dum
501 1011 578 1069 ad
616 1011 883 1070 ordinem
918 1013 1259 1088 presbyterii
1295 1024 1600 1088 promotus
1638 1026 1727 1073 est
1764 1014 2076 1088 multisque
2115 1011 2175 1071 in
2213 1032 2302 1072 ec-

320 1105 498 1165 clesia
533 1105 690 1165 utilis
718 1107 861 1168 suit:
901 1109 978 1167 de
1010 1127 1131 1184 quo
1166 1109 1560 1168 dubitandum
1597 1129 1718 1168 non
1755 1106 2117 1179 crediderim,
2158 1109 2302 1182 quin

319 1201 836 1262 intercessionibus
883 1213 949 1261 ut
991 1203 1111 1263 dixi
1155 1204 1244 1263 sui
1291 1203 1487 1279 patriS,
1536 1205 1614 1264 ad
1667 1203 1831 1262 cuius
1876 1221 2088 1278 corpus
2129 1203 2301 1263 dilec-

323 1295 497 1356 tionis
534 1296 716 1372 ipsius
751 1297 936 1372 gratia
970 1311 1227 1371 uenerat,
1271 1300 1347 1358 sit
1383 1301 1459 1360 ab
1502 1299 1748 1358 articulo
1785 1298 1987 1356 mortis
2023 1308 2295 1366 retentuS‚

321 1401 386 1449 ut
427 1403 488 1450 et
534 1391 661 1466 ipse
705 1391 790 1450 sic
833 1403 1081 1452 mortem
1125 1396 1400 1454 euaderet
1445 1406 1742 1453 aeternam
1791 1405 1850 1452 et
1891 1392 2018 1451 aliis
2061 1411 2300 1468 quoque

233 1506 293 1564 15
319 1487 584 1546 fratribus
612 1486 997 1547 ministerium
1025 1489 1182 1548 uitae
1207 1509 1277 1548 ac
1307 1489 1507 1549 salutis
1535 1490 1813 1550 docendo
1840 1487 2151 1549 exhiberet.

185 690 208 724 ἱ

1175 1797 1435 1856 XXIIII

329 1949 452 2073 H
472 1951 546 2009 IS
588 1951 952 2027 temporibus
986 1970 1089 2010 rex
1117 1951 1303 2011 Osuiu
1335 1970 1478 2009 cum
1519 1950 1758 2010 acerbas
1796 1961 1974 2025 atque
2011 1948 2297 2008 intollera-

510 2047 656 2106 biles
692 2059 986 2124 pateretur
1016 2047 1379 2123 inruptiones
1409 2045 1726 2122 saepedicti
1760 2045 1911 2121 regis
1940 2045 2295 2105 Merciorum

317 2142 415 2217 qui
456 2144 691 2203 fratrem
729 2144 854 2203 eius
892 2144 1205 2216 occiderat,
1242 2145 1322 2204 ad
1358 2143 1628 2201 ultimum
1666 2141 2012 2201 necessitate
2049 2155 2294 2217 cogente

224 2263 292 2301 20
313 2237 580 2313 promisit
617 2257 679 2297 se
716 2238 773 2297 ei
807 2238 1112 2298 innumera
1141 2248 1200 2297 et
1228 2238 1450 2310 maiora
1486 2255 1664 2313 quam
1706 2236 1866 2296 credi
1902 2247 2097 2311 potest
2132 2255 2295 2296 orna—

315 2344 514 2391 menta
550 2332 707 2408 regia
740 2335 837 2392 uel
874 2333 1116 2392 donaria
1150 2332 1212 2391 in
1247 2332 1498 2409 pretium
1540 2331 1702 2408 pacis
1738 2331 2092 2408 largiturum,
2130 2332 2295 2391 dum-

314 2427 498 2485 modo
546 2426 644 2486 ille
693 2429 938 2486 domurn
984 2428 1198 2488 rediret
1245 2439 1305 2486 et
1348 2426 1680 2504 prouincias
1726 2426 1890 2502 regni
1938 2426 2061 2485 eius
2108 2445 2293 2502 usquc

309 2522 390 2580 ad
433 2520 882 2584 internicionem
927 2536 1154 2584 uastare
1201 2524 1509 2583 desineret.
1592 2541 1848 2597 cumque
1895 2542 1995 2581 rex
2036 2524 2293 2598 perfidus

311 2618 632 2679 nullatinus
695 2620 965 2695 precibus
1017 2622 1173 2681 illius
1223 2640 1529 2681 assensum
1581 2621 1899 2696 praeberet,
1951 2618 2055 2695 qui
2106 2629 2292 2679 totam

218 2740 248 2778 2
254 2737 284 2797 5
313 2712 439 2773 eius
479 2728 719 2790 gentem
760 2737 798 2776 a
838 2736 1022 2792 paruo
1064 2736 1252 2793 usque
1296 2719 1373 2777 ad
1418 2736 1696 2793 magnum
1742 2716 1936 2775 delere
1978 2727 2154 2792 atque
2200 2738 2293 2777 ex-

312 2810 621 2871 terminare
654 2813 1009 2885 decreuerat,
1051 2813 1307 2889 respexit
1342 2814 1441 2873 ille
1477 2815 1554 2872 ad
1591 2806 1825 2873 diuinae
1863 2812 2142 2875 auxilium
2176 2814 2293 2891 pie-

310 2905 466 2978 tatis,
508 2926 629 2983 quo
669 2909 745 2968 ab
784 2908 1084 2985 impietate
1123 2911 1426 2970 barbarica
1464 2921 1666 2988 posset
1705 2909 1882 2985 eripi:
1930 2921 2191 2987 uotoque
2228 2933 2290 2986 se

313 3001 576 3079 obligans
616 3009 631 3036 ‘
648 3004 698 3072 si
724 3008 1013 3090 paganus'
1042 3005 1232 3082 inquit
1261 3011 1276 3040 ‘
1295 3006 1481 3066 nescit
1507 3006 1771 3082 accipere
1799 3017 1998 3067 nostra
2029 3008 2286 3078 donaria,
