2567 3750
231 220 308 272 42
616 213 977 266 OSWALD’S
1016 215 1230 266 FAME
1269 215 1375 264 BE
1386 213 1584 263 rom>
1623 212 1819 261 SEAS.
2076 190 2212 274 [111

227 347 388 406 unde
429 345 632 405 dicunt
671 343 731 402 in
773 344 1123 421 prouerbio:
1168 346 1340 404 ‘deus
1382 343 1654 403 miserere
1696 341 2020 413 animabuS‚
2061 338 2218 400 dixit

230 443 458 502 Osuald
485 442 706 500 cadens
734 439 795 498 in
824 442 1073 499 terram.'

351 537 504 596 Ossa
539 535 711 612 igitur
743 535 895 595 illius
934 537 1213 596 translata
1241 547 1301 597 et
1328 536 1571 596 condita
1605 545 1740 594 sunt
1767 533 1828 591 in
1854 531 2216 592 monasterio

228 649 348 706 quo
386 629 655 702 diximus,
689 650 863 706 porro
901 642 1078 708 caput
1110 642 1171 691 et
1206 651 1416 691 manus
1454 650 1590 689 cum
1626 627 1877 689 brachiis
1902 648 1940 687 a
1966 646 2218 704 corpore

226 726 515 802 praecisas
534 725 699 786 iussit
725 747 828 786 rex
855 727 957 803 qui
985 728 1281 788 occiderat
1308 728 1369 786 in
1398 727 1689 804 stipitibus
1717 724 2009 803 suspendi.
2089 745 2218 802 quo
2294 748 2336 809 5

228 832 363 898 post
391 842 612 880 annum
640 823 882 882 ueniens
910 837 1046 882 cum
1075 823 1332 882 exercitu
1362 842 1666 882 successor
1691 820 1854 897 regni
1882 819 2004 880 eius
2024 820 2216 880 Osuiu

228 918 467 979 abstulit
515 939 585 979 ea
626 931 685 979 et
736 931 913 995 caput
962 919 1202 995 quidem
1243 919 1306 978 in
1355 917 1672 995 cymeterio
1722 916 2218 976 Lindisfarnensis

229 1015 528 1087 ecclesiae,
547 1015 609 1073 in
635 1014 793 1091 regia
820 1033 961 1075 uero
982 1014 1218 1075 ciuitate
1247 1033 1459 1073 manus
1487 1033 1622 1072 cum
1650 1012 1899 1073 brachiis
1926 1012 2217 1072 condidit.

1137 1215 1301 1273 XIII

240 1371 358 1497 N
377 1372 482 1431 EC
513 1371 702 1429 solum
731 1368 930 1446 inclyti
959 1370 1117 1428 fama
1141 1369 1250 1428 uiri
1280 1368 1596 1430 Brittaniae
1623 1370 1769 1429 fines
1796 1367 2064 1428 lustrauit
2088 1367 2219 1427 uni·
2255 1391 2340 1430 10

406 1488 626 1540 uerSOS‚
649 1468 753 1527 sed
777 1466 953 1527 etiam
975 1479 1135 1526 trans
1162 1487 1455 1527 oceanum
1476 1470 1651 1543 longe
1671 1466 1867 1526 radios
1890 1464 2223 1525 salutiferae

231 1562 378 1623 lucis
415 1582 691 1640 spargens
721 1562 1069 1623 Germaniae
1108 1562 1280 1622 simul
1319 1575 1379 1623 et
1410 1563 1735 1622 Hiberniae
1772 1573 1968 1639 partes
2003 1561 2215 1637 attigit.
2295 1615 2299 1618 .

230 1660 488 1736 denique
529 1660 1030 1720 reuerentissimus
1083 1659 1327 1719 antistes
1375 1662 1540 1718 Acca
1592 1660 1743 1719 solet
1796 1661 2003 1718 referre
2057 1658 2215 1734 quia,

231 1776 365 1820 cum
409 1759 666 1816 Romam
713 1757 937 1814 uadens
980 1757 1142 1831 apud
1187 1754 1620 1814 sanctissimum
1660 1757 1985 1814 Fresonum
2024 1754 2219 1830 gentis

230 1851 735 1929 archiepiscopum
762 1852 1144 1912 Vilbrordum
1173 1871 1310 1911 cum
1339 1870 1446 1912 suo
1474 1850 1733 1912 antistite
1753 1849 2002 1910 Vilfrido
2030 1868 2220 1910 mora-
2250 1862 2329 1922 15

230 1960 404 2020 retur,
451 1949 654 2006 crebro
697 1967 831 2007 eum
879 1947 1129 2007 audierit
1177 1950 1254 2007 de
1301 1947 1583 2006 mirandis
1624 1967 1778 2023 quae
1820 1947 1898 2010 ad
1939 1945 2218 2022 reliquias

232 2044 495 2103 eiusdem
536 2043 988 2102 reuerentissimi
1025 2043 1175 2119 regis
1216 2042 1278 2101 in
1320 2043 1422 2102 illa
1452 2042 1760 2119 prouincia
1798 2055 1964 2119 gesta
2003 2043 2219 2102 fuerint

232 2158 477 2198 narrare.
583 2140 686 2197 sed
737 2149 796 2198 et
844 2140 905 2197 in
949 2138 1240 2198 Hibernia
1285 2158 1424 2197 cum
1470 2141 1772 2215 presbyter
1810 2140 2005 2197 adhuc
2056 2157 2221 2214 pere·

230 2236 454 2310 grinam
477 2255 582 2311 pro
612 2247 850 2294 aeterna
870 2235 1054 2311 patria
1083 2235 1327 2294 duceret
1355 2234 1555 2305 uitam,
1579 2254 1871 2294 rumorem
1892 2234 2218 2294 sanctitatis

232 2330 383 2389 illius
421 2330 481 2388 in
521 2349 591 2388 ea
628 2349 865 2406 quoque
910 2330 1098 2389 insula
1141 2332 1318 2406 longe
1355 2333 1591 2405 lateque
1628 2329 1745 2388 iam
1786 2328 2217 2405 percrebruisse
2244 2349 2325 2388 20

232 2428 454 2485 ferebat
474 2448 491 2500 3
545 2446 578 2486 e
608 2426 818 2502 quibus
860 2446 1045 2485 unum
1083 2428 1245 2502 quod
1275 2427 1426 2485 inter
1462 2426 1577 2485 alia
1613 2428 1834 2486 rettulit
1869 2426 2217 2485 miraculum

231 2522 525 2599 praesenti
553 2534 786 2581 nostrae
815 2523 1088 2582 historiae
1117 2523 1490 2582 inserendum
1522 2523 1890 2582 credidimus

354 2624 369 2652 ‘
390 2621 709 2694 Tempore'
751 2616 943 2693 inquit
987 2622 1001 2649 ‘
1020 2618 1386 2677 mortalitatis
1425 2637 1579 2694 quae
1621 2618 1964 2677 Brittaniam
2003 2617 2223 2677 Hiber-,

233 2714 511 2790 uiamque
554 2716 672 2772 lata
708 2726 896 2789 strage
939 2713 1209 2785 uastauit,
1252 2734 1563 2790 percussus
1604 2725 1693 2774 est
1734 2715 1999 2774 eiusdem
2047 2715 2215 2773 clade

232 2810 413 2884 pestis
453 2810 605 2868 inter
643 2810 788 2869 alios
830 2809 1173 2869 scolasticus
1211 2810 1454 2885 quidam
1492 2811 1569 2870 de
1607 2831 1822 2887 genere
1862 2813 2213 2883 Scottorum,
2244 2825 2322 2883 ²5

234 2907 446 2965 doctus
501 2906 741 2981 quidem
785 2905 875 2965 uir
917 2906 1116 2965 studio
1162 2907 1498 2979 litterarum,
1529 2908 1634 2965 sed
1673 2927 1809 2982 erga
1856 2927 2056 2966 curam
2093 2927 2218 2984 per-

233 3011 446 3077 petuae
494 3008 631 3059 'suae
680 3001 1023 3061 saluationis
1068 3001 1215 3059 nihil
1269 3001 1516 3060 omnino
1564 3003 1741 3061 studii
1789 3013 1849 3062 et
1894 3002 2218 3063 industriae

233 3115 480 3173 gerens3
520 3097 622 3172 qui
659 3117 793 3155 cum
834 3118 896 3158 se
935 3098 1108 3158 morti
1136 3098 1467 3174 proximum
1493 3098 1737 3172 uideret,
1777 3099 1984 3159 timere
2021 3100 2218 3177 coepit

235 3204 293 3251 et
338 3211 553 3266 pauere
593 3211 669 3250 ne
710 3213 851 3251 mox
890 3205 1157 3253 mortuus
1198 3196 1276 3253 ob
1318 3194 1524 3254 merita
1564 3198 1849 3255 scelerum
1889 3196 1966 3254 ad
2006 3196 2219 3256 inferni

235 3289 489 3345 claustra
529 3297 838 3360 raperetur,
877 3289 1270 3366 clamauitque
1316 3308 1429 3362 me,
1474 3308 1611 3347 cum
1654 3309 1847 3349 essem
1889 3290 1952 3349 in
1999 3290 2215 3350 uicinia
2246 3311 2332 3368 30

620 3408 664 3441 ¹⁸
695 3412 749 3457 in
774 3411 850 3460 C1.
887 3429 970 3461 om
993 3430 1081 3464 ms.
1479 3411 1523 3444 ³⁰
1555 3415 1720 3463 uicina
1742 3432 1830 3465 ms·
