2567 3750
277 0 352 60 90
428 1 731 51 CEADDA
759 1 835 50 IS
860 0 1185 50 WARNED
1214 0 1310 48 OF
1321 0 1453 47 HIS
1474 0 1520 46 C
1520 0 1760 47 OMING
1781 0 1936 45 DEA
1950 0 2063 45 TJI.
2134 0 2188 58 [1
2207 0 2236 35 ν

273 128 551 191 audiebat
590 130 851 190 animum
892 131 1237 203 intenderet,
1267 129 1492 190 audiuit
1528 122 1726 190 denuo
1763 138 2057 190 transacto
2086 122 2253 205 quasi

277 226 556 286 dimidiae
597 228 776 286 horae
814 225 1003 302 spatio
1037 227 1357 285 ascendere
1394 225 1471 285 de
1509 235 1670 285 tecto
1713 224 1975 284 eiusdem
2016 225 2254 291 oratorii

275 320 434 381 idem
477 322 728 381 laetitiae
770 321 1066 380 canticum
1108 332 1166 381 et
1205 320 1334 396 ipsa
1374 339 1493 396 qua
1533 329 1774 379 uenerat
1814 319 1912 379 uia
1944 320 2022 378 ad
2058 320 2255 379 caelos

275 436 461 493 usque
504 437 640 477 cum
679 416 959 477 ineffabili
1000 416 1315 476 dulcedine
1359 415 1585 474 reuerti.
1671 414 1773 491 qui
1820 435 1956 475 cum
1997 416 2257 492 aliquan-

277 514 465 573 tulum
508 515 685 573 horae
734 512 901 589 quasi
947 511 1248 571 adtonitus
1283 523 1545 571 maneret
1583 520 1642 571 et
1685 510 1831 587 quid
1870 512 2018 571 haec
2060 524 2255 572 essent
2326 528 2356 588 5

278 608 497 667 sollerti
566 607 764 667 animo
833 617 1196 680 scrutaretur,
1267 607 1492 682 aperuit
1561 606 1873 683 episcopus
1939 609 2254 666 fenestram

278 705 514 764 oratorii
551 716 608 766 et
649 704 906 765 sonitum
947 724 1127 763 manu
1165 703 1403 776 faciens,
1440 715 1506 764 ut
1546 723 1722 780 saepe
1763 715 2163 777 consueuerat,
2208 705 2257 763 si

279 799 410 876 quis
435 799 574 860 foris
611 811 778 873 esset,
817 801 895 858 ad
933 819 996 859 se
1037 799 1248 861 intrare
1289 800 1602 876 praecepit.
1685 799 1946 861 introiuit
1979 800 2078 860 ille
2119 820 2260 861 con-

280 894 445 967 citus,
476 894 572 954 cui
600 894 744 954 dixit
770 895 1046 955 antistes:
1091 896 1277 954 ‘uade
1308 894 1426 955 cito
1463 895 1540 954 ad
1578 897 1903 969 ecclesiam,
1934 906 1993 956 et
2029 896 2139 955 hos
2176 895 2258 954 uii

278 994 482 1051 fratres
528 993 646 1050 huc
691 992 892 1052 uenire
946 992 1158 1068 facit03
1214 1002 1278 1052 tu
1325 1011 1564 1068 quoque
1612 992 1786 1052 simul
1832 994 2076 1054 adesto.²
2158 996 2259 1071 qui
2292 1013 2365 1054 10

281 1110 417 1149 cum
459 1089 772 1162 uenissent,
804 1090 992 1165 primo
1027 1089 1336 1149 admonuit
1377 1108 1479 1149 eos
1520 1100 1586 1149 ut
1620 1090 1895 1150 uirtutem
1929 1090 2261 1152 dilectionis

280 1197 340 1247 et
366 1187 527 1263 pacis
555 1188 633 1246 ad
670 1186 924 1245 inuicem
962 1196 1019 1245 et
1056 1186 1132 1245 ad
1173 1204 1380 1245 omnes
1416 1186 1620 1245 fideles
1649 1198 1963 1259 seruarent,
1997 1186 2261 1246 instituta

282 1302 521 1359 quoque
564 1281 905 1358 disciplinae
949 1281 1241 1359 regularis»,
1293 1300 1445 1357 quae
1488 1283 1585 1339 uel
1625 1282 1701 1340 ab
1746 1280 1877 1356 ipso
1920 1280 2261 1344 didicissent

281 1391 342 1441 et
370 1379 433 1439 in
459 1381 589 1457 ipso
616 1379 899 1438 uidissent
927 1380 1025 1437 uel
1064 1377 1126 1437 in
1152 1389 1383 1454 patrum
1415 1377 1893 1454 praecedentium
1928 1378 2097 1438 factis
2135 1380 2261 1438 siue

283 1476 455 1536 dictis
496 1475 873 1547 inuenissent,
917 1473 1210 1535 indefessa
1247 1473 1527 1534 instantia
1567 1486 1957 1551 sequerentur.
2043 1476 2261 1537 deinde
2295 1497 2363 1557 15

280 1572 583 1633 subiunxit
630 1571 790 1631 diem
830 1571 922 1630 sui
960 1572 1156 1630 obitus
1196 1572 1315 1633 iam
1354 1572 1621 1646 proxime
1657 1572 1886 1632 instare.
1975 1578 2263 1650 ‘namque

283 1672 500 1745 hospes
517 1670 532 1696 '
586 1668 774 1745 inquit
832 1674 848 1702 ‘
868 1668 966 1728 ille
1021 1667 1302 1739 amabilis,
1354 1667 1454 1744 qui
1500 1670 1703 1729 fratres
1749 1680 1980 1729 nostros
2028 1670 2264 1730 uisitare

285 1766 528 1837 solebat,
583 1765 664 1824 ad
717 1784 814 1824 me
868 1781 1106 1841 quoque
1171 1762 1351 1825 hodie
1396 1765 1597 1823 uenire
1653 1784 1864 1841 meque
1906 1766 1984 1824 de
2028 1767 2264 1824 saeculo

287 1878 533 1919 euocare
561 1859 835 1935 dignatus
862 1870 966 1920 est.
1012 1868 1249 1937 propter
1275 1859 1440 1935 quod
1466 1870 1822 1921 reuertentes
1848 1860 1927 1919 ad
1956 1860 2263 1920 ecclesiam

287 1954 464 2015 dicite
506 1957 774 2015 fratribus
804 1967 870 2016 ut
911 1965 972 2015 et
1011 1974 1213 2016 meum
1242 1955 1462 2015 exitum
1504 1955 1750 2017 domino
1794 1955 2064 2032 precibus
2109 1976 2263 2017 corn-
2296 1986 2370 2023 20

287 2054 568 2113 mendent
614 2065 674 2113 et
723 2072 894 2112 suum
938 2072 1174 2129 quoque
1218 2051 1455 2125 exitum,
1498 2052 1664 2111 cuius
1705 2054 1848 2112 hora
1888 2053 2110 2113 incerta
2155 2065 2263 2125 est,

287 2149 494 2226 uigiliis
536 2147 898 2219 orationibus
938 2148 1112 2210 bonis
1154 2148 1427 2225 operibus
1474 2147 1813 2225 praeuenire
1861 2149 2265 2209 meminerint.'

287 2265 542 2322 cumque
583 2247 729 2306 haec
770 2257 830 2306 et
869 2246 1207 2306 huiusmodi
1245 2247 1415 2322 plura
1453 2247 1787 2321 loqueretur
1822 2256 1999 2321 atque
2034 2246 2117 2305 illi
2143 2267 2269 2323 per-

286 2355 460 2421 cepta
500 2343 626 2404 eius
660 2343 1079 2404 benedictione
1116 2342 1234 2401 iam
1275 2343 1528 2401 multum
1568 2341 1759 2401 tristes
1795 2327 2066 2415 exissent,
2097 2342 2267 2402 rediit

289 2438 416 2514 ipse
445 2439 603 2497 solus
631 2437 734 2514 qui
766 2452 1002 2497 carmen
1039 2438 1290 2496 caeleste
1332 2435 1595 2496 audierat
1623 2446 1681 2495 et
1716 2446 2086 2511 prosternens
2116 2455 2177 2495 se
2206 2435 2267 2493 in
2296 2431 2375 2521 ²5*

289 2545 503 2594 terram
549 2540 564 2567 ‘
582 2536 828 2594 obsecro
845 2534 860 2561 '
902 2532 1109 2609 inquit,
1144 2537 1160 2565 ‘
1180 2543 1381 2609 pater3
1433 2532 1568 2596 licet
1608 2531 1831 2609 aliquid
1859 2534 2266 2609 interrogare?

244 2677 250 2684 .
294 2634 309 2661 ‘
327 2630 650 2707 interroga'
679 2629 870 2706 inquit
913 2633 929 2662 ‘
947 2629 1109 2705 quod
1141 2628 1266 2687 uis.’
1350 2639 1412 2688 at
1445 2628 1541 2687 ille
1580 2632 1598 2662 ⁶
1620 2629 1866 2688 obsecro
1884 2630 1897 2655 ’
1921 2629 2130 2705 *inquit
2173 2635 2268 2689 ‘ut

291 2724 453 2785 dicas
508 2725 671 2803 quod
726 2735 848 2785 erat
901 2724 1195 2783 canticum
1252 2723 1400 2783 illud
1453 2724 1791 2785 laetantium
1850 2726 2013 2800 quod
2068 2726 2271 2788 audiui

289 2822 652 2882 uenientium
691 2823 770 2882 de
811 2821 988 2882 caelis
1035 2841 1209 2897 super
1256 2819 1575 2880 oratorium
1613 2822 1729 2880 hoc
1769 2831 1829 2880 et
1860 2832 1996 2897 post
2037 2834 2271 2899 tempus

288 2916 663 2976 redeuntium
684 2918 770 2975 -ad
797 2918 1028 2978 caelos?
1043 2916 1058 2945 ²
1125 2918 1446 2993 respondet
1471 2915 1606 2975 illex
1651 2920 1667 2952 ⁴
1684 2915 1734 2974 si
1760 2935 1972 2976 uocem
2000 2917 2269 2977 carminis
2296 2935 2374 2990 30

291 3009 506 3069 audisti
533 3022 592 3071 et
619 3013 901 3071 caelestes
943 3012 1318 3088 superuenioe
1355 3022 1558 3071 coetus
1599 3010 1941 3089 cognouisti,
1971 3012 2269 3089 praecipio

293 3105 402 3164 tibi
427 3105 490 3166 in
515 3108 755 3167 nomine
782 3108 1024 3179 domini,
1053 3127 1130 3167 ne
1165 3110 1281 3168 hoc
1319 3107 1597 3184 cuiquam
1636 3119 1773 3168 ante
1810 3128 2010 3168 meum
2043 3112 2270 3178 obitum

296 3201 470 3262 dicas.
554 3223 757 3268 reuera
787 3215 987 3266 autem
1027 3206 1369 3281 angelorum
1412 3207 1595 3267 fuere·
1620 3204 1868 3281 spirituS,
1908 3205 2011 3281 qui
2047 3226 2143 3267 me
2189 3210 2270 3268 ad
