<?xml version="1.0" encoding="UTF-8"?>
<!DOCTYPE html PUBLIC "-//W3C//DTD XHTML 1.0 Transitional//EN"
    "http://www.w3.org/TR/xhtml1/DTD/xhtml1-transitional.dtd">
<html xmlns="http://www.w3.org/1999/xhtml" xml:lang="en" lang="en">
 <head>
  <title>
</title>
<meta http-equiv="Content-Type" content="text/html;charset=utf-8" />
  <meta name='ocr-system' content='tesseract 3.04.00' />
  <meta name='ocr-capabilities' content='ocr_page ocr_carea ocr_par ocr_line ocrx_word'/>
</head>
<body>
  <div class='ocr_page' id='page_1' title='image "./historiaeeccles01lumbgoog_0131.png"; bbox 0 0 2567 3750; ppageno 0'>
   <div class='ocr_carea' id='block_1_1' title="bbox 302 50 2261 132">
    <p class='ocr_par' dir='ltr' id='par_1_1' title="bbox 302 50 2261 132">
     <span class='ocr_line' id='line_1_1' title="bbox 302 50 2261 132; baseline -0.008 -13"><span class='ocrx_word' id='word_1_1' title='bbox 302 50 362 132; x_wconf 85' lang='lat'>9]</span> <span class='ocrx_word' id='word_1_2' title='bbox 478 68 539 115; x_wconf 59' lang='lat' dir='ltr'>&lt;A</span> <span class='ocrx_word' id='word_1_3' title='bbox 596 66 849 116; x_wconf 84' lang='lat' dir='ltr'><em>VISION</em></span> <span class='ocrx_word' id='word_1_4' title='bbox 877 65 1228 115; x_wconf 85' lang='lat' dir='ltr'><em>SEENBY</em></span> <span class='ocrx_word' id='word_1_5' title='bbox 1261 64 1418 113; x_wconf 88' lang='lat' dir='ltr'>THE</span> <span class='ocrx_word' id='word_1_6' title='bbox 1460 63 1634 114; x_wconf 88' lang='lat' dir='ltr'>NUN</span> <span class='ocrx_word' id='word_1_7' title='bbox 1675 63 2073 112; x_wconf 81' lang='lat' dir='ltr'><em>TORCTGYD.</em></span> <span class='ocrx_word' id='word_1_8' title='bbox 2150 67 2261 121; x_wconf 79' lang='lat'>109</span> 
     </span>
    </p>
   </div>
   <div class='ocr_carea' id='block_1_2' title="bbox 200 203 2264 2387">
    <p class='ocr_par' dir='ltr' id='par_1_2' title="bbox 297 203 2264 568">
     <span class='ocr_line' id='line_1_2' title="bbox 419 203 2264 281; baseline -0.001 -19"><span class='ocrx_word' id='word_1_9' title='bbox 419 207 494 264; x_wconf 86' lang='lat' dir='ltr'>In</span> <span class='ocrx_word' id='word_1_10' title='bbox 547 205 760 264; x_wconf 89' lang='lat' dir='ltr'>eodem</span> <span class='ocrx_word' id='word_1_11' title='bbox 813 223 1051 281; x_wconf 91' lang='lat' dir='ltr'>quoque</span> <span class='ocrx_word' id='word_1_12' title='bbox 1117 203 1471 263; x_wconf 88' lang='lat' dir='ltr'>monasterio</span> <span class='ocrx_word' id='word_1_13' title='bbox 1525 204 1816 279; x_wconf 85' lang='lat' dir='ltr'>quaedam</span> <span class='ocrx_word' id='word_1_14' title='bbox 1870 213 1993 262; x_wconf 89' lang='lat' dir='ltr'>erat</span> <span class='ocrx_word' id='word_1_15' title='bbox 2046 203 2264 262; x_wconf 86' lang='lat' dir='ltr'>femina</span> 
     </span>
     <span class='ocr_line' id='line_1_3' title="bbox 299 296 2261 373; baseline -0.003 -14"><span class='ocrx_word' id='word_1_16' title='bbox 299 299 755 360; x_wconf 86' lang='lat' dir='ltr'>sanctimonialis</span> <span class='ocrx_word' id='word_1_17' title='bbox 788 310 847 359; x_wconf 93' lang='lat' dir='ltr'>et</span> <span class='ocrx_word' id='word_1_18' title='bbox 881 301 961 359; x_wconf 91' lang='lat' dir='ltr'>ad</span> <span class='ocrx_word' id='word_1_19' title='bbox 1003 299 1218 358; x_wconf 88' lang='lat' dir='ltr'>saeculi</span> <span class='ocrx_word' id='word_1_20' title='bbox 1257 298 1429 358; x_wconf 90' lang='lat' dir='ltr'>huius</span> <span class='ocrx_word' id='word_1_21' title='bbox 1465 297 1811 373; x_wconf 87' lang='lat' dir='ltr'>dignitatem</span> <span class='ocrx_word' id='word_1_22' title='bbox 1847 296 2061 356; x_wconf 90' lang='lat' dir='ltr'>nobilis</span> <span class='ocrx_word' id='word_1_23' title='bbox 2103 308 2163 357; x_wconf 93' lang='lat' dir='ltr'>et</span> <span class='ocrx_word' id='word_1_24' title='bbox 2199 297 2261 355; x_wconf 90' lang='lat' dir='ltr'>in</span> 
     </span>
     <span class='ocr_line' id='line_1_4' title="bbox 297 388 2259 470; baseline -0.002 -15"><span class='ocrx_word' id='word_1_25' title='bbox 297 414 494 456; x_wconf 86' lang='lat' dir='ltr'>amore</span> <span class='ocrx_word' id='word_1_26' title='bbox 536 396 711 456; x_wconf 81' lang='lat' dir='ltr'>futuri</span> <span class='ocrx_word' id='word_1_27' title='bbox 755 395 972 455; x_wconf 84' lang='lat' dir='ltr'>saeculi</span> <span class='ocrx_word' id='word_1_28' title='bbox 1013 395 1299 455; x_wconf 87' lang='lat' dir='ltr'>nobilior:</span> <span class='ocrx_word' id='word_1_29' title='bbox 1357 414 1506 470; x_wconf 90' lang='lat' dir='ltr'>quae</span> <span class='ocrx_word' id='word_1_30' title='bbox 1552 394 1635 454; x_wconf 90' lang='lat' dir='ltr'>ita</span> <span class='ocrx_word' id='word_1_31' title='bbox 1679 393 1877 452; x_wconf 89' lang='lat' dir='ltr'>multis</span> <span class='ocrx_word' id='word_1_32' title='bbox 1920 393 2038 452; x_wconf 92' lang='lat' dir='ltr'>iam</span> <span class='ocrx_word' id='word_1_33' title='bbox 2092 388 2259 452; x_wconf 86' lang='lat' dir='ltr'>annis</span> 
     </span>
     <span class='ocr_line' id='line_1_5' title="bbox 297 488 2259 568; baseline -0.002 -17"><span class='ocrx_word' id='word_1_34' title='bbox 297 491 459 551; x_wconf 87' lang='lat' dir='ltr'>omni</span> <span class='ocrx_word' id='word_1_35' title='bbox 500 490 758 568; x_wconf 90' lang='lat' dir='ltr'>corporis</span> <span class='ocrx_word' id='word_1_36' title='bbox 795 493 982 551; x_wconf 86' lang='lat' dir='ltr'>fuerat</span> <span class='ocrx_word' id='word_1_37' title='bbox 1022 492 1216 551; x_wconf 89' lang='lat' dir='ltr'>officio</span> <span class='ocrx_word' id='word_1_38' title='bbox 1257 491 1550 564; x_wconf 87' lang='lat' dir='ltr'>destituta,</span> <span class='ocrx_word' id='word_1_39' title='bbox 1579 501 1643 550; x_wconf 89' lang='lat' dir='ltr'>ut</span> <span class='ocrx_word' id='word_1_40' title='bbox 1682 510 1759 549; x_wconf 92' lang='lat' dir='ltr'>ne</span> <span class='ocrx_word' id='word_1_41' title='bbox 1795 509 1978 548; x_wconf 89' lang='lat' dir='ltr'>unum</span> <span class='ocrx_word' id='word_1_42' title='bbox 2020 488 2259 566; x_wconf 89' lang='lat' dir='ltr'>quidem</span> 
     </span>
    </p>

    <p class='ocr_par' dir='ltr' id='par_1_3' title="bbox 239 585 2261 1049">
     <span class='ocr_line' id='line_1_6' title="bbox 239 585 2260 669; baseline -0.001 -21"><span class='ocrx_word' id='word_1_43' title='bbox 239 611 271 669; x_wconf 82' lang='lat'>5</span> <span class='ocrx_word' id='word_1_44' title='bbox 299 609 535 649; x_wconf 91' lang='lat' dir='ltr'>mouere</span> <span class='ocrx_word' id='word_1_45' title='bbox 561 589 689 665; x_wconf 91' lang='lat' dir='ltr'>ipsa</span> <span class='ocrx_word' id='word_1_46' title='bbox 715 591 1042 648; x_wconf 87' lang='lat' dir='ltr'><strong>membrum</strong></span> <span class='ocrx_word' id='word_1_47' title='bbox 1068 590 1303 648; x_wconf 90' lang='lat' dir='ltr'>ualeret.</span> <span class='ocrx_word' id='word_1_48' title='bbox 1386 590 1535 648; x_wconf 89' lang='lat' dir='ltr'>haec</span> <span class='ocrx_word' id='word_1_49' title='bbox 1562 586 1663 647; x_wconf 90' lang='lat' dir='ltr'>ubi</span> <span class='ocrx_word' id='word_1_50' title='bbox 1691 605 1903 662; x_wconf 91' lang='lat' dir='ltr'>corpus</span> <span class='ocrx_word' id='word_1_51' title='bbox 1930 585 2260 646; x_wconf 87' lang='lat' dir='ltr'>abbatissae</span> 
     </span>
     <span class='ocr_line' id='line_1_7' title="bbox 296 683 2261 767; baseline -0.002 -23"><span class='ocrx_word' id='word_1_52' title='bbox 296 686 640 767; x_wconf 84' lang='lat' dir='ltr'>uenerabilis</span> <span class='ocrx_word' id='word_1_53' title='bbox 677 686 739 745; x_wconf 90' lang='lat' dir='ltr'>in</span> <span class='ocrx_word' id='word_1_54' title='bbox 779 684 1086 746; x_wconf 91' lang='lat' dir='ltr'>ecclesiam</span> <span class='ocrx_word' id='word_1_55' title='bbox 1128 685 1388 744; x_wconf 84' lang='lat' dir='ltr'>delatum</span> <span class='ocrx_word' id='word_1_56' title='bbox 1428 685 1622 743; x_wconf 93' lang='lat' dir='ltr'>donec</span> <span class='ocrx_word' id='word_1_57' title='bbox 1661 685 1987 759; x_wconf 88' lang='lat' dir='ltr'>sepulturae</span> <span class='ocrx_word' id='word_1_58' title='bbox 2029 683 2261 742; x_wconf 88' lang='lat' dir='ltr'>daretur</span> 
     </span>
     <span class='ocr_line' id='line_1_8' title="bbox 297 774 2259 858; baseline -0.004 -17"><span class='ocrx_word' id='word_1_59' title='bbox 297 781 592 858; x_wconf 89' lang='lat' dir='ltr'>cognouit,</span> <span class='ocrx_word' id='word_1_60' title='bbox 633 780 948 856; x_wconf 88' lang='lat' dir='ltr'>postulauit</span> <span class='ocrx_word' id='word_1_61' title='bbox 992 799 1055 840; x_wconf 92' lang='lat' dir='ltr'>se</span> <span class='ocrx_word' id='word_1_62' title='bbox 1097 780 1199 839; x_wconf 93' lang='lat' dir='ltr'>illo</span> <span class='ocrx_word' id='word_1_63' title='bbox 1238 778 1451 839; x_wconf 89' lang='lat' dir='ltr'>adferri</span> <span class='ocrx_word' id='word_1_64' title='bbox 1490 789 1549 838; x_wconf 93' lang='lat' dir='ltr'>et</span> <span class='ocrx_word' id='word_1_65' title='bbox 1587 776 1650 836; x_wconf 88' lang='lat' dir='ltr'>in</span> <span class='ocrx_word' id='word_1_66' title='bbox 1688 778 1932 836; x_wconf 92' lang='lat' dir='ltr'>modum</span> <span class='ocrx_word' id='word_1_67' title='bbox 1972 774 2259 836; x_wconf 90' lang='lat' dir='ltr'>orantium</span> 
     </span>
     <span class='ocr_line' id='line_1_9' title="bbox 297 873 2261 953; baseline -0.004 -16"><span class='ocrx_word' id='word_1_68' title='bbox 297 880 375 938; x_wconf 91' lang='lat' dir='ltr'>ad</span> <span class='ocrx_word' id='word_1_69' title='bbox 400 878 544 937; x_wconf 85' lang='lat' dir='ltr'>illud</span> <span class='ocrx_word' id='word_1_70' title='bbox 571 876 866 937; x_wconf 88' lang='lat' dir='ltr'>adclinari.</span> <span class='ocrx_word' id='word_1_71' title='bbox 911 877 1072 953; x_wconf 91' lang='lat' dir='ltr'>quod</span> <span class='ocrx_word' id='word_1_72' title='bbox 1103 878 1241 935; x_wconf 90' lang='lat' dir='ltr'>dum</span> <span class='ocrx_word' id='word_1_73' title='bbox 1269 877 1448 946; x_wconf 88' lang='lat' dir='ltr'>fieret,</span> <span class='ocrx_word' id='word_1_74' title='bbox 1479 873 1645 950; x_wconf 90' lang='lat' dir='ltr'>quasi</span> <span class='ocrx_word' id='word_1_75' title='bbox 1660 873 1956 932; x_wconf 90' lang='lat' dir='ltr'>uiuentem</span> <span class='ocrx_word' id='word_1_76' title='bbox 1984 874 2261 933; x_wconf 90' lang='lat' dir='ltr'>adlocuta</span> 
     </span>
     <span class='ocr_line' id='line_1_10' title="bbox 297 967 2259 1049; baseline -0.002 -18"><span class='ocrx_word' id='word_1_77' title='bbox 297 973 538 1049; x_wconf 90' lang='lat' dir='ltr'>rogauit,</span> <span class='ocrx_word' id='word_1_78' title='bbox 596 984 662 1033; x_wconf 92' lang='lat' dir='ltr'>ut</span> <span class='ocrx_word' id='word_1_79' title='bbox 713 974 872 1049; x_wconf 88' lang='lat' dir='ltr'>apud</span> <span class='ocrx_word' id='word_1_80' title='bbox 924 972 1380 1030; x_wconf 88' lang='lat' dir='ltr'>misericordiam</span> <span class='ocrx_word' id='word_1_81' title='bbox 1432 970 1516 1046; x_wconf 93' lang='lat' dir='ltr'>pii</span> <span class='ocrx_word' id='word_1_82' title='bbox 1577 968 1898 1029; x_wconf 86' lang='lat' dir='ltr'>&#39;conditoris</span> <span class='ocrx_word' id='word_1_83' title='bbox 1945 967 2259 1043; x_wconf 89' lang='lat' dir='ltr'>inpetraret</span> 
     </span>
    </p>

    <p class='ocr_par' dir='ltr' id='par_1_4' title="bbox 204 1062 2262 1417">
     <span class='ocr_line' id='line_1_11' title="bbox 204 1062 2259 1142; baseline -0.002 -16"><span class='ocrx_word' id='word_1_84' title='bbox 204 1089 276 1126; x_wconf 88' lang='lat'>10</span> <span class='ocrx_word' id='word_1_85' title='bbox 299 1088 361 1127; x_wconf 92' lang='lat' dir='ltr'>se</span> <span class='ocrx_word' id='word_1_86' title='bbox 388 1088 423 1127; x_wconf 91' lang='lat' dir='ltr'>a</span> <span class='ocrx_word' id='word_1_87' title='bbox 450 1068 625 1128; x_wconf 88' lang='lat' dir='ltr'>tantis</span> <span class='ocrx_word' id='word_1_88' title='bbox 661 1079 898 1142; x_wconf 90' lang='lat' dir='ltr'>tamque</span> <span class='ocrx_word' id='word_1_89' title='bbox 939 1066 1176 1126; x_wconf 89' lang='lat' dir='ltr'>diutinis</span> <span class='ocrx_word' id='word_1_90' title='bbox 1213 1065 1563 1125; x_wconf 88' lang='lat' dir='ltr'>cruciatibus</span> <span class='ocrx_word' id='word_1_91' title='bbox 1598 1062 1841 1124; x_wconf 89' lang='lat' dir='ltr'>absolui.</span> <span class='ocrx_word' id='word_1_92' title='bbox 1925 1081 2037 1121; x_wconf 88' lang='lat' dir='ltr'>nec</span> <span class='ocrx_word' id='word_1_93' title='bbox 2072 1064 2259 1122; x_wconf 92' lang='lat' dir='ltr'>multo</span> 
     </span>
     <span class='ocr_line' id='line_1_12' title="bbox 299 1159 2262 1238; baseline -0.002 -16"><span class='ocrx_word' id='word_1_94' title='bbox 299 1164 519 1224; x_wconf 91' lang='lat' dir='ltr'>tardius</span> <span class='ocrx_word' id='word_1_95' title='bbox 573 1165 848 1224; x_wconf 82' lang='lat' dir='ltr'>exaudita</span> <span class='ocrx_word' id='word_1_96' title='bbox 901 1175 1025 1223; x_wconf 93' lang='lat' dir='ltr'>est:</span> <span class='ocrx_word' id='word_1_97' title='bbox 1090 1182 1227 1221; x_wconf 88' lang='lat' dir='ltr'>nam</span> <span class='ocrx_word' id='word_1_98' title='bbox 1280 1173 1415 1238; x_wconf 92' lang='lat' dir='ltr'>post</span> <span class='ocrx_word' id='word_1_99' title='bbox 1469 1162 1593 1221; x_wconf 89' lang='lat' dir='ltr'>dies</span> <span class='ocrx_word' id='word_1_100' title='bbox 1653 1159 1967 1220; x_wconf 90' lang='lat' dir='ltr'>duodecim</span> <span class='ocrx_word' id='word_1_101' title='bbox 2021 1170 2081 1219; x_wconf 90' lang='lat' dir='ltr'>et</span> <span class='ocrx_word' id='word_1_102' title='bbox 2135 1159 2262 1235; x_wconf 90' lang='lat' dir='ltr'>ipsa</span> 
     </span>
     <span class='ocr_line' id='line_1_13' title="bbox 300 1257 2257 1337; baseline -0.002 -18"><span class='ocrx_word' id='word_1_103' title='bbox 300 1261 514 1319; x_wconf 90' lang='lat' dir='ltr'>educta</span> <span class='ocrx_word' id='word_1_104' title='bbox 555 1280 627 1320; x_wconf 89' lang='lat' dir='ltr'>ex</span> <span class='ocrx_word' id='word_1_105' title='bbox 669 1281 845 1321; x_wconf 87' lang='lat' dir='ltr'>carne</span> <span class='ocrx_word' id='word_1_106' title='bbox 892 1261 1241 1337; x_wconf 88' lang='lat' dir='ltr'>temporales</span> <span class='ocrx_word' id='word_1_107' title='bbox 1295 1259 1659 1319; x_wconf 89' lang='lat' dir='ltr'>adflictiones</span> <span class='ocrx_word' id='word_1_108' title='bbox 1705 1267 1943 1316; x_wconf 86' lang='lat' dir='ltr'>aeterna</span> <span class='ocrx_word' id='word_1_109' title='bbox 1985 1257 2257 1316; x_wconf 90' lang='lat' dir='ltr'>mercede</span> 
     </span>
     <span class='ocr_line' id='line_1_14' title="bbox 299 1356 559 1417; baseline 0.008 -3"><span class='ocrx_word' id='word_1_110' title='bbox 299 1356 559 1417; x_wconf 88' lang='lat' dir='ltr'>mutauit.</span> 
     </span>
    </p>

    <p class='ocr_par' dir='ltr' id='par_1_5' title="bbox 418 1447 2260 1526">
     <span class='ocr_line' id='line_1_15' title="bbox 418 1447 2260 1526; baseline -0.003 -15"><span class='ocrx_word' id='word_1_111' title='bbox 418 1452 574 1511; x_wconf 91' lang='lat' dir='ltr'>Cum</span> <span class='ocrx_word' id='word_1_112' title='bbox 609 1469 750 1510; x_wconf 90' lang='lat' dir='ltr'>uero</span> <span class='ocrx_word' id='word_1_113' title='bbox 786 1451 1045 1526; x_wconf 87' lang='lat' dir='ltr'>praefata</span> <span class='ocrx_word' id='word_1_114' title='bbox 1084 1450 1300 1511; x_wconf 88' lang='lat' dir='ltr'>Christi</span> <span class='ocrx_word' id='word_1_115' title='bbox 1336 1451 1551 1509; x_wconf 87' lang='lat' dir='ltr'>famula</span> <span class='ocrx_word' id='word_1_116' title='bbox 1582 1448 1879 1524; x_wconf 91' lang='lat' dir='ltr'>Torctgyd</span> <span class='ocrx_word' id='word_1_117' title='bbox 1921 1458 2033 1507; x_wconf 87' lang='lat' dir='ltr'>tres</span> <span class='ocrx_word' id='word_1_118' title='bbox 2067 1447 2260 1507; x_wconf 89' lang='lat' dir='ltr'>adhuc</span> 
     </span>
    </p>

    <p class='ocr_par' dir='ltr' id='par_1_6' title="bbox 203 1543 2261 2005">
     <span class='ocr_line' id='line_1_16' title="bbox 203 1543 2260 1624; baseline -0.002 -18"><span class='ocrx_word' id='word_1_119' title='bbox 203 1565 272 1623; x_wconf 89' lang='lat'>15</span> <span class='ocrx_word' id='word_1_120' title='bbox 301 1563 487 1604; x_wconf 86' lang='lat' dir='ltr'>annos</span> <span class='ocrx_word' id='word_1_121' title='bbox 514 1556 649 1621; x_wconf 89' lang='lat' dir='ltr'>post</span> <span class='ocrx_word' id='word_1_122' title='bbox 676 1546 902 1605; x_wconf 89' lang='lat' dir='ltr'>obitum</span> <span class='ocrx_word' id='word_1_123' title='bbox 930 1545 1203 1604; x_wconf 90' lang='lat' dir='ltr'>dominae</span> <span class='ocrx_word' id='word_1_124' title='bbox 1230 1546 1292 1604; x_wconf 94' lang='grc'>111</span> <span class='ocrx_word' id='word_1_125' title='bbox 1319 1547 1431 1624; x_wconf 84' lang='grc'><strong>1130</strong></span> <span class='ocrx_word' id='word_1_126' title='bbox 1464 1545 1586 1604; x_wconf 88' lang='lat' dir='ltr'>uita</span> <span class='ocrx_word' id='word_1_127' title='bbox 1611 1556 1916 1616; x_wconf 89' lang='lat' dir='ltr'>teneretur,</span> <span class='ocrx_word' id='word_1_128' title='bbox 1946 1543 2008 1601; x_wconf 90' lang='lat' dir='ltr'>in</span> <span class='ocrx_word' id='word_1_129' title='bbox 2034 1554 2260 1602; x_wconf 89' lang='lat' dir='ltr'>tantum</span> 
     </span>
     <span class='ocr_line' id='line_1_17' title="bbox 301 1637 2260 1715; baseline -0.002 -17"><span class='ocrx_word' id='word_1_130' title='bbox 301 1657 370 1698; x_wconf 90' lang='lat' dir='ltr'>ea</span> <span class='ocrx_word' id='word_1_131' title='bbox 396 1658 574 1715; x_wconf 88' lang='lat' dir='ltr'>quam</span> <span class='ocrx_word' id='word_1_132' title='bbox 600 1640 990 1715; x_wconf 85' lang='lat' dir='ltr'>praediximus</span> <span class='ocrx_word' id='word_1_133' title='bbox 1016 1639 1347 1699; x_wconf 87' lang='lat' dir='ltr'>infirmitate</span> <span class='ocrx_word' id='word_1_134' title='bbox 1374 1641 1621 1700; x_wconf 90' lang='lat' dir='ltr'>decocta</span> <span class='ocrx_word' id='word_1_135' title='bbox 1660 1649 1765 1711; x_wconf 89' lang='lat' dir='ltr'>est,</span> <span class='ocrx_word' id='word_1_136' title='bbox 1795 1649 1861 1698; x_wconf 92' lang='lat' dir='ltr'>ut</span> <span class='ocrx_word' id='word_1_137' title='bbox 1890 1637 1989 1697; x_wconf 87' lang='lat' dir='ltr'>uix</span> <span class='ocrx_word' id='word_1_138' title='bbox 2030 1637 2260 1697; x_wconf 91' lang='lat' dir='ltr'>ossibus</span> 
     </span>
     <span class='ocr_line' id='line_1_18' title="bbox 298 1733 2261 1813; baseline -0.002 -19"><span class='ocrx_word' id='word_1_139' title='bbox 298 1737 599 1813; x_wconf 82' lang='lat' dir='ltr'>haereret3</span> <span class='ocrx_word' id='word_1_140' title='bbox 639 1747 698 1796; x_wconf 92' lang='lat' dir='ltr'>et</span> <span class='ocrx_word' id='word_1_141' title='bbox 723 1737 800 1795; x_wconf 90' lang='lat' dir='ltr'>ad</span> <span class='ocrx_word' id='word_1_142' title='bbox 827 1737 1112 1810; x_wconf 91' lang='lat' dir='ltr'>ultimum,</span> <span class='ocrx_word' id='word_1_143' title='bbox 1143 1755 1278 1795; x_wconf 91' lang='lat' dir='ltr'>eum</span> <span class='ocrx_word' id='word_1_144' title='bbox 1320 1748 1551 1811; x_wconf 89' lang='lat' dir='ltr'>tempus</span> <span class='ocrx_word' id='word_1_145' title='bbox 1578 1735 1695 1794; x_wconf 88' lang='lat' dir='ltr'>iam</span> <span class='ocrx_word' id='word_1_146' title='bbox 1732 1733 2100 1793; x_wconf 90' lang='lat' dir='ltr'>resolutionis</span> <span class='ocrx_word' id='word_1_147' title='bbox 2136 1733 2261 1793; x_wconf 90' lang='lat' dir='ltr'>eius</span> 
     </span>
     <span class='ocr_line' id='line_1_19' title="bbox 298 1831 2261 1907; baseline -0.001 -15"><span class='ocrx_word' id='word_1_148' title='bbox 298 1832 553 1907; x_wconf 87' lang='lat' dir='ltr'>instaret,</span> <span class='ocrx_word' id='word_1_149' title='bbox 590 1852 713 1894; x_wconf 88' lang='lat' dir='ltr'>non</span> <span class='ocrx_word' id='word_1_150' title='bbox 755 1835 945 1893; x_wconf 90' lang='lat' dir='ltr'>solum</span> <span class='ocrx_word' id='word_1_151' title='bbox 983 1835 1375 1893; x_wconf 88' lang='lat' dir='ltr'>membrorum</span> <span class='ocrx_word' id='word_1_152' title='bbox 1415 1844 1737 1895; x_wconf 89' lang='lat' dir='ltr'>ceterorum</span> <span class='ocrx_word' id='word_1_153' title='bbox 1779 1833 1885 1892; x_wconf 90' lang='lat' dir='ltr'>sed</span> <span class='ocrx_word' id='word_1_154' title='bbox 1925 1842 1984 1892; x_wconf 91' lang='lat' dir='ltr'>et</span> <span class='ocrx_word' id='word_1_155' title='bbox 2030 1831 2261 1907; x_wconf 89' lang='lat' dir='ltr'>linguae</span> 
     </span>
     <span class='ocr_line' id='line_1_20' title="bbox 300 1926 2261 2005; baseline -0.002 -18"><span class='ocrx_word' id='word_1_156' title='bbox 300 1940 463 1988; x_wconf 88' lang='lat' dir='ltr'>motu</span> <span class='ocrx_word' id='word_1_157' title='bbox 489 1929 688 1989; x_wconf 89' lang='lat' dir='ltr'>caruit.</span> <span class='ocrx_word' id='word_1_158' title='bbox 773 1931 936 2005; x_wconf 92' lang='lat' dir='ltr'>quod</span> <span class='ocrx_word' id='word_1_159' title='bbox 969 1930 1111 1989; x_wconf 92' lang='lat' dir='ltr'>dum</span> <span class='ocrx_word' id='word_1_160' title='bbox 1149 1930 1333 1989; x_wconf 89' lang='lat' dir='ltr'>tribus</span> <span class='ocrx_word' id='word_1_161' title='bbox 1366 1929 1574 1989; x_wconf 87' lang='lat' dir='ltr'>diebus</span> <span class='ocrx_word' id='word_1_162' title='bbox 1609 1949 1680 1989; x_wconf 88' lang='lat' dir='ltr'>ac</span> <span class='ocrx_word' id='word_1_163' title='bbox 1714 1929 1962 1988; x_wconf 88' lang='lat' dir='ltr'>totidem</span> <span class='ocrx_word' id='word_1_164' title='bbox 1986 1926 2261 1987; x_wconf 89' lang='lat' dir='ltr'>noctibus</span> 
     </span>
    </p>

    <p class='ocr_par' dir='ltr' id='par_1_7' title="bbox 200 2025 2262 2387">
     <span class='ocr_line' id='line_1_21' title="bbox 200 2025 2261 2101; baseline -0.002 -16"><span class='ocrx_word' id='word_1_165' title='bbox 200 2044 278 2085; x_wconf 89' lang='lat'>20</span> <span class='ocrx_word' id='word_1_166' title='bbox 301 2036 579 2100; x_wconf 85' lang='lat' dir='ltr'>ageretur,</span> <span class='ocrx_word' id='word_1_167' title='bbox 635 2025 830 2085; x_wconf 91' lang='lat' dir='ltr'>subito</span> <span class='ocrx_word' id='word_1_168' title='bbox 895 2026 1122 2085; x_wconf 89' lang='lat' dir='ltr'>uisione</span> <span class='ocrx_word' id='word_1_169' title='bbox 1190 2025 1431 2101; x_wconf 88' lang='lat' dir='ltr'>spiritali</span> <span class='ocrx_word' id='word_1_170' title='bbox 1498 2035 1755 2084; x_wconf 87' lang='lat' dir='ltr'>recreata</span> <span class='ocrx_word' id='word_1_171' title='bbox 1820 2042 1887 2083; x_wconf 89' lang='lat' dir='ltr'>os</span> <span class='ocrx_word' id='word_1_172' title='bbox 1942 2033 2000 2081; x_wconf 89' lang='lat' dir='ltr'>et</span> <span class='ocrx_word' id='word_1_173' title='bbox 2059 2025 2261 2083; x_wconf 89' lang='lat' dir='ltr'>oculos</span> 
     </span>
     <span class='ocr_line' id='line_1_22' title="bbox 299 2116 2262 2196; baseline -0.002 -17"><span class='ocrx_word' id='word_1_174' title='bbox 299 2120 558 2196; x_wconf 74' lang='lat' dir='ltr'>aperuit:</span> <span class='ocrx_word' id='word_1_175' title='bbox 613 2131 1038 2196; x_wconf 87' lang='lat' dir='ltr'>aspectansque</span> <span class='ocrx_word' id='word_1_176' title='bbox 1078 2120 1139 2178; x_wconf 89' lang='lat' dir='ltr'>in</span> <span class='ocrx_word' id='word_1_177' title='bbox 1179 2123 1407 2179; x_wconf 86' lang='lat' dir='ltr'>caelum</span> <span class='ocrx_word' id='word_1_178' title='bbox 1447 2120 1530 2179; x_wconf 90' lang='lat' dir='ltr'>sic</span> <span class='ocrx_word' id='word_1_179' title='bbox 1567 2120 1644 2178; x_wconf 88' lang='lat' dir='ltr'>ad</span> <span class='ocrx_word' id='word_1_180' title='bbox 1688 2138 1817 2178; x_wconf 91' lang='lat' dir='ltr'>eam</span> <span class='ocrx_word' id='word_1_181' title='bbox 1858 2137 2037 2193; x_wconf 88' lang='lat' dir='ltr'>quam</span> <span class='ocrx_word' id='word_1_182' title='bbox 2075 2116 2262 2176; x_wconf 87' lang='lat' dir='ltr'>intue-</span> 
     </span>
     <span class='ocr_line' id='line_1_23' title="bbox 300 2214 2262 2293; baseline -0.002 -18"><span class='ocrx_word' id='word_1_183' title='bbox 300 2218 471 2275; x_wconf 90' lang='lat' dir='ltr'>batur</span> <span class='ocrx_word' id='word_1_184' title='bbox 509 2215 798 2276; x_wconf 81' lang='lat' dir='ltr'>uisionem</span> <span class='ocrx_word' id='word_1_185' title='bbox 839 2217 1035 2292; x_wconf 89' lang='lat' dir='ltr'>coepit</span> <span class='ocrx_word' id='word_1_186' title='bbox 1074 2216 1270 2291; x_wconf 92' lang='lat' dir='ltr'>loqui:</span> <span class='ocrx_word' id='word_1_187' title='bbox 1317 2221 1331 2248; x_wconf 95' lang='lat'>‘</span> <span class='ocrx_word' id='word_1_188' title='bbox 1348 2228 1541 2293; x_wconf 87' lang='lat' dir='ltr'>gratus</span> <span class='ocrx_word' id='word_1_189' title='bbox 1580 2216 1723 2274; x_wconf 89' lang='lat' dir='ltr'>mihi</span> <span class='ocrx_word' id='word_1_190' title='bbox 1765 2227 1851 2275; x_wconf 91' lang='lat' dir='ltr'>est</span> <span class='ocrx_word' id='word_1_191' title='bbox 1892 2216 2137 2273; x_wconf 88' lang='lat' dir='ltr'>multum</span> <span class='ocrx_word' id='word_1_192' title='bbox 2163 2214 2262 2272; x_wconf 92' lang='lat' dir='ltr'>ad-</span> 
     </span>
     <span class='ocr_line' id='line_1_24' title="bbox 300 2312 2262 2387; baseline -0.002 -17"><span class='ocrx_word' id='word_1_193' title='bbox 300 2324 512 2371; x_wconf 90' lang='lat' dir='ltr'>uentus</span> <span class='ocrx_word' id='word_1_194' title='bbox 566 2324 702 2372; x_wconf 91' lang='lat' dir='ltr'>tuus</span> <span class='ocrx_word' id='word_1_195' title='bbox 771 2324 829 2372; x_wconf 91' lang='lat' dir='ltr'>et</span> <span class='ocrx_word' id='word_1_196' title='bbox 894 2314 1048 2372; x_wconf 90' lang='lat' dir='ltr'>bene</span> <span class='ocrx_word' id='word_1_197' title='bbox 1116 2312 1328 2372; x_wconf 90' lang='lat' dir='ltr'>uenisti</span> <span class='ocrx_word' id='word_1_198' title='bbox 1350 2336 1362 2372; x_wconf 73' lang='grc' dir='ltr'><strong><em>ε</em></strong></span> <span class='ocrx_word' id='word_1_199' title='bbox 1384 2314 1398 2340; x_wconf 83' lang='grc'><strong><em>’</em></strong></span> <span class='ocrx_word' id='word_1_200' title='bbox 1466 2324 1524 2373; x_wconf 87' lang='lat' dir='ltr'>et</span> <span class='ocrx_word' id='word_1_201' title='bbox 1589 2314 1706 2373; x_wconf 90' lang='lat' dir='ltr'>hoc</span> <span class='ocrx_word' id='word_1_202' title='bbox 1749 2313 1908 2372; x_wconf 90' lang='lat' dir='ltr'>dicto</span> <span class='ocrx_word' id='word_1_203' title='bbox 1954 2329 2262 2387; x_wconf 89' lang='lat' dir='ltr'>parumper</span> 
     </span>
    </p>
   </div>
   <div class='ocr_carea' id='block_1_3' title="bbox 300 2395 2369 2486">
    <p class='ocr_par' dir='ltr' id='par_1_8' title="bbox 300 2395 2369 2486">
     <span class='ocr_line' id='line_1_25' title="bbox 300 2395 2369 2486; baseline -0 -20"><span class='ocrx_word' id='word_1_204' title='bbox 300 2408 544 2481; x_wconf 88' lang='lat' dir='ltr'>reticuit,</span> <span class='ocrx_word' id='word_1_205' title='bbox 575 2408 743 2484; x_wconf 90' lang='lat' dir='ltr'>quasi</span> <span class='ocrx_word' id='word_1_206' title='bbox 771 2428 1125 2486; x_wconf 83' lang='lat' dir='ltr'>responsum</span> <span class='ocrx_word' id='word_1_207' title='bbox 1167 2409 1293 2468; x_wconf 90' lang='lat' dir='ltr'>eius</span> <span class='ocrx_word' id='word_1_208' title='bbox 1334 2427 1511 2485; x_wconf 90' lang='lat' dir='ltr'>quem</span> <span class='ocrx_word' id='word_1_209' title='bbox 1550 2409 1789 2468; x_wconf 90' lang='lat' dir='ltr'>uidebat</span> <span class='ocrx_word' id='word_1_210' title='bbox 1830 2420 1889 2469; x_wconf 91' lang='lat' dir='ltr'>et</span> <span class='ocrx_word' id='word_1_211' title='bbox 1928 2408 2022 2466; x_wconf 92' lang='lat' dir='ltr'>cui</span> <span class='ocrx_word' id='word_1_212' title='bbox 2061 2408 2260 2483; x_wconf 90' lang='lat' dir='ltr'>loque-</span> <span class='ocrx_word' id='word_1_213' title='bbox 2364 2395 2369 2402; x_wconf 45' lang='lat'><strong><em>⁴</em></strong></span> 
     </span>
    </p>
   </div>
   <div class='ocr_carea' id='block_1_4' title="bbox 192 2504 2319 3159">
    <p class='ocr_par' dir='ltr' id='par_1_9' title="bbox 197 2504 2264 2966">
     <span class='ocr_line' id='line_1_26' title="bbox 197 2504 2264 2586; baseline -0.004 -17"><span class='ocrx_word' id='word_1_214' title='bbox 197 2528 273 2586; x_wconf 88' lang='lat'>25</span> <span class='ocrx_word' id='word_1_215' title='bbox 300 2507 472 2565; x_wconf 89' lang='lat' dir='ltr'>batur</span> <span class='ocrx_word' id='word_1_216' title='bbox 513 2517 872 2582; x_wconf 77' lang='lat' dir='ltr'>exspectans·</span> <span class='ocrx_word' id='word_1_217' title='bbox 955 2524 1297 2581; x_wconf 90' lang='lat' dir='ltr'>rursumque</span> <span class='ocrx_word' id='word_1_218' title='bbox 1338 2504 1506 2581; x_wconf 88' lang='lat' dir='ltr'>quasi</span> <span class='ocrx_word' id='word_1_219' title='bbox 1544 2504 1747 2564; x_wconf 88' lang='lat' dir='ltr'>leuiter</span> <span class='ocrx_word' id='word_1_220' title='bbox 1779 2504 2087 2581; x_wconf 51' lang='lat' dir='ltr'>‚indignata</span> <span class='ocrx_word' id='word_1_221' title='bbox 2133 2506 2264 2563; x_wconf 90' lang='lat' dir='ltr'>sub-</span> 
     </span>
     <span class='ocr_line' id='line_1_27' title="bbox 301 2599 2262 2678; baseline -0.001 -20"><span class='ocrx_word' id='word_1_222' title='bbox 301 2599 519 2662; x_wconf 82' lang='lat' dir='ltr'>iunxit:</span> <span class='ocrx_word' id='word_1_223' title='bbox 589 2605 605 2633; x_wconf 90' lang='lat'>‘</span> <span class='ocrx_word' id='word_1_224' title='bbox 622 2620 995 2678; x_wconf 88' lang='lat' dir='ltr'>nequaquam</span> <span class='ocrx_word' id='word_1_225' title='bbox 1048 2602 1164 2660; x_wconf 91' lang='lat' dir='ltr'>hoc</span> <span class='ocrx_word' id='word_1_226' title='bbox 1230 2603 1384 2659; x_wconf 91' lang='lat' dir='ltr'>laeta</span> <span class='ocrx_word' id='word_1_227' title='bbox 1448 2601 1594 2660; x_wconf 88' lang='lat' dir='ltr'>ferre</span> <span class='ocrx_word' id='word_1_228' title='bbox 1650 2603 1837 2676; x_wconf 88' lang='lat' dir='ltr'>queo.’</span> <span class='ocrx_word' id='word_1_229' title='bbox 1923 2618 2262 2675; x_wconf 88' lang='lat' dir='ltr'>rursumque</span> 
     </span>
     <span class='ocr_line' id='line_1_28' title="bbox 300 2696 2260 2771; baseline -0.002 -13"><span class='ocrx_word' id='word_1_230' title='bbox 300 2698 600 2758; x_wconf 89' lang='lat' dir='ltr'>modicum</span> <span class='ocrx_word' id='word_1_231' title='bbox 629 2697 806 2757; x_wconf 91' lang='lat' dir='ltr'>silens</span> <span class='ocrx_word' id='word_1_232' title='bbox 833 2698 1004 2758; x_wconf 88' lang='lat' dir='ltr'>tertio</span> <span class='ocrx_word' id='word_1_233' title='bbox 1032 2697 1212 2757; x_wconf 84' lang='lat' dir='ltr'>dixit:</span> <span class='ocrx_word' id='word_1_234' title='bbox 1245 2696 1319 2755; x_wconf 91' lang='lat' dir='ltr'>‘si</span> <span class='ocrx_word' id='word_1_235' title='bbox 1347 2698 1676 2756; x_wconf 88' lang='lat' dir='ltr'>nullatenus</span> <span class='ocrx_word' id='word_1_236' title='bbox 1703 2696 1882 2756; x_wconf 92' lang='lat' dir='ltr'>hodie</span> <span class='ocrx_word' id='word_1_237' title='bbox 1902 2696 2023 2756; x_wconf 90' lang='lat' dir='ltr'>fieri</span> <span class='ocrx_word' id='word_1_238' title='bbox 2049 2706 2260 2771; x_wconf 83' lang='lat' dir='ltr'>potest,-</span> 
     </span>
     <span class='ocr_line' id='line_1_29' title="bbox 302 2790 2263 2871; baseline -0.002 -18"><span class='ocrx_word' id='word_1_239' title='bbox 302 2795 543 2855; x_wconf 90' lang='lat' dir='ltr'>obsecro</span> <span class='ocrx_word' id='word_1_240' title='bbox 585 2815 662 2854; x_wconf 91' lang='lat' dir='ltr'>ne</span> <span class='ocrx_word' id='word_1_241' title='bbox 706 2795 780 2855; x_wconf 91' lang='lat' dir='ltr'>sit</span> <span class='ocrx_word' id='word_1_242' title='bbox 826 2797 1066 2871; x_wconf 90' lang='lat' dir='ltr'>longum</span> <span class='ocrx_word' id='word_1_243' title='bbox 1109 2794 1360 2870; x_wconf 89' lang='lat' dir='ltr'>spatium</span> <span class='ocrx_word' id='word_1_244' title='bbox 1396 2793 1458 2851; x_wconf 91' lang='lat' dir='ltr'>in</span> <span class='ocrx_word' id='word_1_245' title='bbox 1500 2793 1733 2852; x_wconf 87' lang='lat' dir='ltr'>medio.&#39;</span> <span class='ocrx_word' id='word_1_246' title='bbox 1815 2792 1958 2851; x_wconf 89' lang='lat' dir='ltr'>dixit</span> <span class='ocrx_word' id='word_1_247' title='bbox 1994 2802 2069 2864; x_wconf 91' lang='lat' dir='ltr'>et,</span> <span class='ocrx_word' id='word_1_248' title='bbox 2116 2790 2263 2850; x_wconf 90' lang='lat' dir='ltr'>sicut</span> 
     </span>
     <span class='ocr_line' id='line_1_30' title="bbox 302 2888 2263 2966; baseline -0.002 -18"><span class='ocrx_word' id='word_1_249' title='bbox 302 2901 472 2950; x_wconf 88' lang='lat' dir='ltr'>antea</span> <span class='ocrx_word' id='word_1_250' title='bbox 497 2910 702 2966; x_wconf 89' lang='lat' dir='ltr'>parum</span> <span class='ocrx_word' id='word_1_251' title='bbox 732 2889 925 2964; x_wconf 89' lang='grc'><strong>5110115,</strong></span> <span class='ocrx_word' id='word_1_252' title='bbox 954 2890 1038 2949; x_wconf 91' lang='lat' dir='ltr'>ita</span> <span class='ocrx_word' id='word_1_253' title='bbox 1063 2909 1394 2949; x_wconf 89' lang='lat' dir='ltr'>sermonem</span> <span class='ocrx_word' id='word_1_254' title='bbox 1435 2890 1756 2949; x_wconf 88' lang='lat' dir='ltr'>conclusit:</span> <span class='ocrx_word' id='word_1_255' title='bbox 1800 2893 1815 2921; x_wconf 93' lang='lat'>‘</span> <span class='ocrx_word' id='word_1_256' title='bbox 1835 2888 1883 2947; x_wconf 90' lang='lat' dir='ltr'>si</span> <span class='ocrx_word' id='word_1_257' title='bbox 1909 2888 2263 2948; x_wconf 90' lang='lat' dir='ltr'>omnimodis</span> 
     </span>
    </p>

    <p class='ocr_par' dir='ltr' id='par_1_10' title="bbox 192 2983 2319 3159">
     <span class='ocr_line' id='line_1_31' title="bbox 192 2983 2261 3070; baseline 0 -27"><span class='ocrx_word' id='word_1_258' title='bbox 192 3006 277 3061; x_wconf 89' lang='lat'>30</span> <span class='ocrx_word' id='word_1_259' title='bbox 301 2983 381 3045; x_wconf 87' lang='lat' dir='ltr'>ita</span> <span class='ocrx_word' id='word_1_260' title='bbox 426 2986 730 3046; x_wconf 90' lang='lat' dir='ltr'>definitum</span> <span class='ocrx_word' id='word_1_261' title='bbox 770 2997 873 3070; x_wconf 16' lang='lat' dir='ltr'>‘est</span> <span class='ocrx_word' id='word_1_262' title='bbox 924 3006 1122 3062; x_wconf 89' lang='lat' dir='ltr'>neque</span> <span class='ocrx_word' id='word_1_263' title='bbox 1175 2988 1329 3045; x_wconf 88' lang='lat' dir='ltr'>hanc</span> <span class='ocrx_word' id='word_1_264' title='bbox 1383 2987 1731 3046; x_wconf 87' lang='lat' dir='ltr'>sententiam</span> <span class='ocrx_word' id='word_1_265' title='bbox 1783 2986 1920 3045; x_wconf 88' lang='lat' dir='ltr'>licet</span> <span class='ocrx_word' id='word_1_266' title='bbox 1973 2984 2261 3057; x_wconf 85' lang='lat' dir='ltr'>inmutari,</span> 
     </span>
     <span class='ocr_line' id='line_1_32' title="bbox 300 3081 2319 3159; baseline -0 -18"><span class='ocrx_word' id='word_1_267' title='bbox 300 3082 546 3142; x_wconf 91' lang='lat' dir='ltr'>obsecro</span> <span class='ocrx_word' id='word_1_268' title='bbox 593 3101 671 3142; x_wconf 89' lang='lat' dir='ltr'>ne</span> <span class='ocrx_word' id='word_1_269' title='bbox 711 3082 960 3158; x_wconf 88' lang='lat' dir='ltr'>amplius</span> <span class='ocrx_word' id='word_1_270' title='bbox 1007 3101 1184 3158; x_wconf 89' lang='lat' dir='ltr'>quam</span> <span class='ocrx_word' id='word_1_271' title='bbox 1232 3084 1381 3142; x_wconf 90' lang='lat' dir='ltr'>haee</span> <span class='ocrx_word' id='word_1_272' title='bbox 1428 3084 1798 3144; x_wconf 89' lang='lat' dir='ltr'>solummodo</span> <span class='ocrx_word' id='word_1_273' title='bbox 1844 3081 2109 3159; x_wconf 86' lang='lat' dir='ltr'>proxima</span> <span class='ocrx_word' id='word_1_274' title='bbox 2146 3102 2267 3141; x_wconf 85' lang='lat' dir='ltr'>nox</span> <span class='ocrx_word' id='word_1_275' title='bbox 2310 3118 2319 3124; x_wconf 93' lang='lat'>-</span> 
     </span>
    </p>
   </div>
  </div>
 </body>
</html>
