2567 3750
176 204 259 276 38
659 216 988 265 TRANSLA
1002 216 1187 265 TJON
1224 216 1321 265 OF
1362 215 1682 265 OSWALD.
2023 193 2151 277 [ΙΙΙ

175 345 481 421 spicerent‚
500 345 772 421 fugerunt
793 344 947 403 foras
968 343 1048 402 nil
1070 343 1298 402 ardenti
1320 342 1524 402 domui
1553 353 1611 402 et
1631 341 1986 418 iamiamque
2005 342 2157 418 peri-

176 452 339 500 turae
382 441 663 517 prodesse
706 440 988 499 ualentes.
1049 427 1426 515 'consumpta
1481 457 1618 514 ergo
1673 439 1858 497 domu
1904 437 2156 497 flammis

174 548 346 612 posta
373 537 747 595 solummodo
784 535 848 594 in
884 555 1001 612 qua
1036 537 1228 612 puluis
1265 537 1366 597 ille
1400 536 1659 595 inclusus
1694 536 1996 611 pendebat
2030 546 2157 595 tuta

175 634 252 692 ab
295 632 527 709 ignibus
583 642 643 692 et
688 631 910 692 intacta
962 633 1259 693 remansit.
1344 652 1465 709 qua
1515 631 1644 691 uisa
1695 631 1911 691 uirtute
1965 630 2157 690 mirati

176 739 312 787 sunt
367 727 558 800 ualde,
611 739 670 787 et
713 728 1116 804 perquirentes
1171 728 1438 788 subtilius
1493 728 1844 786 inuenerunt
1892 724 2034 802 quia
2080 725 2157 784 de
2226 748 2259 807 5

176 824 278 884 illo
320 827 456 884 loco
498 827 843 900 adsumptus
885 788 1036 885 erat⁹
1060 825 1254 901 puluis
1296 825 1401 884 ubi
1440 824 1591 901 regis
1634 821 1880 901 Osualdi
1920 820 2156 898 sanguis

176 921 362 978 fuerat
390 920 620 978 effusus·
703 919 917 994 quibus
944 921 1251 996 patefactis
1277 940 1351 978 ac
1377 918 1690 979 diffamatis
1718 920 1893 996 longe
1919 919 2157 993 lateque

175 1015 466 1075 miraculis
501 1015 669 1076 multi
704 1035 809 1091 per
845 1015 973 1075 dies
1009 1018 1209 1075 locum
1245 1018 1612 1092 frequentare
1648 1014 1813 1074 illum
1851 1024 1909 1073 et
1946 1013 2157 1074 sanita-

176 1124 302 1172 tum
328 1113 413 1174 ibi
439 1114 684 1191 gratiam
711 1133 921 1191 capere
949 1114 1060 1174 sibi
1089 1115 1327 1191 suisque
1353 1123 1690 1190 coeperunt.

1113 1336 1207 1394 XI
2189 1351 2267 1389 10

189 1489 487 1611 INTER
516 1507 668 1564 quae
688 1505 1062 1563 nequaquam
1093 1485 1325 1550 silentio
1353 1486 1839 1562 praetereundum
1861 1503 1994 1545 reor
2012 1481 2158 1561 quid

335 1583 560 1642 uirtutis
596 1602 669 1641 ac
703 1581 966 1641 miraculi
1001 1583 1268 1642 caelestis
1305 1582 1477 1641 fuerit
1513 1592 1831 1653 ostensum,
1862 1599 1998 1639 cum
2025 1597 2159 1639 ossa

178 1678 302 1737 eius
356 1677 601 1736 inuenta
651 1687 832 1753 atque
879 1679 957 1736 ad
1005 1676 1316 1737 ecclesiam
1363 1676 1425 1735 in
1469 1695 1587 1752 qua
1640 1695 1801 1734 nunc
1855 1684 2159 1734 seruantur
2239 1673 2245 1677 “

178 1774 458 1831 translata
506 1782 654 1831 sunt.
740 1773 961 1830 factum
1005 1782 1095 1832 est
1138 1784 1338 1832 autem
1379 1773 1495 1831 hoc
1538 1790 1644 1847 per
1686 1769 2032 1829 industriam
2074 1786 2160 1826 re-

177 1867 349 1943 ginae
393 1868 751 1928 Merciorum
794 1868 1143 1945 Osthrydae,
1176 1886 1329 1944 quae
1370 1878 1494 1927 erat
1533 1865 1650 1925 filia
1689 1863 1875 1924 fratris
1919 1861 2061 1935 eiuS,
2095 1862 2159 1922 id
2191 1885 2264 1943 15

178 1974 268 2023 est
297 1966 485 2025 Osuiu
513 1966 613 2043 qui
641 1976 778 2043 post
804 1965 969 2025 illum
995 1965 1161 2041 regni
1186 1965 1420 2041 apicem
1447 1964 1706 2035 tenebat,
1731 1972 1797 2022 ut
1823 1961 1886 2019 in
1915 1978 2159 2036 sequen·

178 2059 334 2119 tibus
362 2061 642 2121 dicemus.

301 2159 408 2217 Est
449 2157 867 2218 monasterium
914 2158 1116 2219 nobile
1158 2156 1220 2216 in
1263 2155 1570 2233 prouincia
1611 2154 1870 2215 Lindissi
1915 2155 2160 2216 nomine

180 2254 546 2322 Beardaneu,
589 2254 753 2328 quod
794 2253 1002 2313 eadem
1049 2253 1251 2329 regina
1303 2271 1442 2311 cum
1494 2251 1623 2311 uiro
1678 2271 1785 2311 suo
1838 2251 2160 2311 Aedilredo

177 2350 428 2406 multum
457 2347 737 2424 diligebat
760 2350 1153 2409 uenerabatur
1188 2350 1514 2422 excolebat,
1552 2348 1616 2407 in
1643 2368 1761 2424 quo
1790 2348 2161 2409 desiderabat
2187 2366 2275 2404 20

178 2444 525 2503 honoranda
577 2444 769 2520 patrui
827 2444 918 2504 sui
984 2463 1119 2504 ossa
1169 2446 1528 2518 recondere;
1596 2463 1851 2521 cumque
1900 2444 2163 2504 uenisset

178 2558 406 2597 carrum
433 2538 495 2597 in
523 2559 644 2615 quo
680 2539 890 2599 eadem
929 2559 1064 2599 ossa
1096 2541 1466 2600 ducebantur
1499 2539 1881 2599 incumbente
1916 2558 2162 2615 uespera

177 2632 241 2690 in
268 2633 686 2693 monasterium
715 2637 1056 2709 praefatum,
1083 2636 1397 2694 noluerunt
1425 2653 1496 2693 ea
1523 2634 1623 2710 qui
1651 2643 1815 2693 erant
1841 2633 1905 2693 in
1930 2653 2162 2693 monas·

178 2727 325 2787 terio
366 2728 615 2789 libenter
658 2730 962 2807 excipere3
1019 2731 1157 2808 quia
1197 2733 1306 2791 etsi
1353 2742 1624 2791 sanctum
1668 2752 1808 2792 eum
1850 2743 2158 2803 nouerant,

179 2835 379 2883 tamen
435 2825 572 2900 quia
618 2828 697 2886 de
743 2826 861 2885 alia
911 2826 1219 2902 prouincia
1270 2838 1432 2888 ortus
1484 2831 1674 2888 fuerat
1717 2839 1777 2890 et
1830 2848 2005 2906 super
2056 2848 2161 2888 eos
2188 2842 2273 2901 25

178 2924 425 2996 regnum
462 2933 791 2998 acceperat,
836 2923 1129 2983 ueteranis
1165 2944 1302 2984 eum
1339 2924 1493 2985 odiis
1530 2925 1710 2984 etiam
1745 2936 2044 2985 mortuum
2078 2924 2162 2984 in-

180 3017 590 3090 sequebantur.
674 3017 833 3076 unde
868 3019 1088 3077 factum
1130 3030 1218 3078 est
1256 3030 1322 3079 ut
1362 3019 1489 3096 ipsa
1528 3030 1706 3080 nocte
1744 3018 2029 3096 reliquiae
2063 3019 2164 3079 ad-

174 3113 334 3171 latae
376 3111 515 3170 foris
557 3101 986 3188 permanerent,
1020 3115 1272 3175 tentorio
1310 3126 1540 3175 tantum
1572 3115 1795 3177 maiore
1832 3135 2008 3192 supra
2042 3136 2163 3175 car·

180 3226 308 3268 rum
336 3206 398 3265 in
426 3227 547 3284 quo
575 3209 803 3268 inerant
832 3220 1087 3270 extenso.
1175 3212 1278 3270 sed
1311 3211 1574 3272 miraculi
1606 3211 1873 3272 caelestis
1901 3211 2161 3272 ostensio

181 3321 357 3379 quam
394 3314 730 3363 reuerenter
760 3323 867 3364 eae
901 3305 1309 3383 suscipiendae
1336 3326 1373 3366 a
1400 3307 1627 3367 cunctis
1663 3307 1937 3369 fidelibus
1964 3317 2163 3368 essent
2189 3321 2282 3378 30

685 3414 709 3449 ⁸
737 3416 1090 3467 solummodum
1112 3435 1205 3468 ms,
1261 3421 1553 3470 solummodo
1574 3418 1657 3470 Cl-
