2567 3750
325 250 382 333 2]
426 262 431 271 '
709 270 1146 320 BOTHELM’S
1178 272 1372 322 MIRA
1383 272 1666 323 CULOUS
1708 271 1920 323 CURE.
2233 272 2301 311 21

321 398 472 458 iusta
505 419 615 476 pro
653 402 842 461 salute
878 399 1070 478 gentis
1105 413 1341 463 nostrae
1367 404 1528 462 bella
1563 401 1965 479 suscepimus?
2045 401 2308 458 fecerunt

322 512 531 554 omnes
567 507 635 555 ut
666 496 932 570 iusserat,
975 509 1035 558 et
1071 499 1155 558 sic
1191 499 1513 576 incipiente
1540 499 1800 560 diluculo
1827 498 1890 557 in
1916 499 2151 558 hostem
2178 506 2308 572 pro-

320 590 517 665 gressi,
540 590 705 652 iuxta
725 593 999 652 meritum
1030 614 1169 654 suae
1195 595 1336 654 fidei
1364 595 1612 655 uictoria
1636 595 1810 672 potiti
1836 603 1986 653 sunt.
2051 593 2115 651 in
2143 591 2308 650 cuius

320 690 454 747 loco
495 688 779 749 orationis
813 689 1153 750 innumerae
1180 690 1426 751 uirtutes
1464 692 1781 751 sanitatum
1817 700 2139 749 noscuntur
2178 707 2308 747 esse

267 820 295 878 5
323 795 586 859 patratae
625 787 705 846 ad
742 787 1025 846 indicium
1062 787 1341 847 uidelicet
1393 806 1464 846 ac
1504 786 1853 847 memoriam
1898 782 2082 865 [fidei]
2136 783 2304 859 regis.

323 899 461 938 narn
491 891 551 940 et
579 900 767 957 usque
794 883 974 941 hodie
1001 881 1170 941 multi
1208 884 1284 942 de
1318 882 1448 959 ipso
1484 883 1647 960 ligno
1684 891 2092 941 sacrosanctae
2120 878 2307 939 crucis

321 978 540 1037 astulas
581 978 851 1038 excidere
892 980 1101 1052 solent,
1132 999 1277 1055 quas
1308 1000 1445 1038 cum
1481 980 1542 1039 in
1579 998 1765 1055 aquas
1801 977 2066 1038 miserint
2105 976 2306 1052 eisque

323 1075 667 1151 languentes
694 1074 965 1134 homines
991 1087 1093 1135 aut
1128 1077 1386 1152 pecudes
1422 1075 1757 1152 potauerint
1785 1073 1909 1133 siue
1936 1071 2303 1150 asperserint,

323 1187 462 1228 mox
488 1168 725 1228 sanitati
752 1169 1147 1229 restituuntur.

230 1296 296 1333 10
439 1266 706 1324 Vocatur
752 1267 917 1326 locus
960 1268 1057 1328 ille
1104 1268 1305 1344 lingua
1350 1269 1679 1344 Anglorum
1725 1265 2091 1336 Hefenfelth‚
2142 1265 2307 1339 quod

321 1360 438 1419 dici
491 1373 690 1437 potest
743 1363 955 1422 Latine
1009 1365 1276 1425 caelestis
1324 1385 1585 1441 campuS‚
1643 1364 1804 1440 quod
1872 1373 2033 1422 certo
2100 1361 2306 1436 utique

318 1457 624 1533 praesagio
660 1459 985 1518 futurorum
1021 1461 1346 1536 antiquitus
1383 1479 1605 1520 nomen
1641 1457 1904 1536 accepit:
1973 1455 2305 1533 significans

317 1550 592 1612 nimirum
636 1556 800 1630 quod
843 1555 1065 1615 ibidem
1121 1558 1376 1616 caeleste
1431 1556 1775 1632 erigendum
1823 1566 2129 1629 tropaeum
2178 1569 2304 1609 cae-

316 1646 479 1706 lestis
518 1647 858 1707 inchoanda
896 1649 1143 1711 uictoria
1182 1650 1460 1711 caelestia
1499 1668 1687 1726 usque
1741 1648 1920 1709 hodie
1966 1650 2161 1708 forent
2201 1649 2305 1706 mi-

222 1771 286 1829 ¹5
315 1743 514 1801 racula
567 1746 935 1806 celebranda.
1022 1758 1111 1806 est
1162 1759 1363 1807 autern
1417 1749 1585 1807 locus
1639 1747 1801 1805 iuxta
1853 1764 2083 1803 murum
2136 1744 2300 1803 illum

315 1838 394 1897 ad
431 1838 776 1915 aquilonem
820 1860 942 1917 quo
986 1843 1243 1902 Romani
1284 1843 1590 1919 quondam
1628 1843 1707 1903 ob
1744 1839 2032 1901 arcendos
2073 1841 2308 1900 barbar-

314 1954 486 1994 orum
511 1934 768 2012 impetus
796 1948 983 1997 totam
1008 1959 1048 1998 a
1073 1941 1218 1998 mari
1245 1942 1325 2000 ad
1361 1960 1521 1999 mare
1553 1938 1928 2016 praecinxere
1960 1937 2303 1997 Brittaniam

312 2041 380 2088 ut
420 2050 600 2107 supra
640 2032 969 2093 docuimus.
1054 2034 1117 2093 in
1154 2056 1274 2112 quo
1317 2036 1596 2097 uidelicet
1637 2037 1774 2096 loco
1811 2033 2301 2094 consuetudinem

312 2129 504 2188 multo
532 2130 650 2188 iarn
678 2140 943 2206 tempore
978 2133 1237 2193 fecerant
1262 2136 1465 2193 fratres
1495 2130 1991 2210 Hagustaldensis
2018 2130 2302 2190 ecclesiae

215 2247 286 2285 20
311 2244 466 2300 quae
503 2245 628 2286 non
663 2228 839 2304 longe
875 2231 1060 2303 abest,
1094 2230 1483 2290 aduenientes
1511 2229 1673 2289 omni
1706 2247 1865 2288 anno
1902 2226 2091 2304 pridie
2123 2244 2301 2303 quam

308 2331 523 2396 postea
576 2320 737 2381 idern
791 2343 892 2382 rex
939 2325 1167 2388 Osuald
1221 2324 1453 2385 occisus
1508 2334 1616 2396 est,
1666 2323 1895 2400 uigilias
1949 2339 2057 2398 pro
2111 2321 2300 2379 salute

305 2415 542 2477 animae
581 2416 706 2476 eius
742 2418 936 2477 facere
977 2419 1345 2495 plurimaque
1385 2421 1746 2496 psalmorum
1788 2417 1962 2476 laude
2005 2416 2299 2475 celebrata

307 2511 614 2572 uictimam
643 2535 750 2591 pro
784 2534 858 2574 eo
891 2511 1065 2576 mane
1102 2536 1302 2576 sacrae
1340 2514 1654 2576 oblationis
1682 2516 1905 2574 offerre.
1929 2582 1933 2586 .
1991 2511 2093 2587 qui
2119 2511 2296 2570 etiam
2374 2571 2382 2602 ;

306 2621 613 2670 crescente
655 2613 817 2671 bona
864 2613 1293 2673 consuetudine
1338 2631 1545 2689 nuper,
1580 2609 1804 2671 ibidem
1858 2609 2108 2669 ecclesia
2160 2627 2296 2668 con-

208 2733 237 2771 2
245 2729 274 2787 5
305 2715 532 2763 structa
569 2705 942 2765 sacratiorem
980 2717 1040 2767 et
1079 2708 1306 2767 cunctis
1342 2705 1838 2767 honorabiliorem
1874 2707 2073 2764 locum
2112 2704 2296 2764 omni-

305 2800 420 2857 bus
475 2800 681 2859 fecere.
786 2820 899 2860 nec
953 2800 1241 2874 inmerito,
1301 2802 1441 2878 quia
1500 2803 1726 2860 nullum
1781 2809 1849 2858 ut
1902 2798 2293 2874 comperimus
2382 2855 2386 2860 ,

301 2895 444 2954 fidei
473 2895 823 2957 christianae
860 2882 1093 2975 sig'num
1128 2901 1293 2958 nulla
1324 2898 1574 2959 ecclesia
1608 2899 1836 2956 nullum
1868 2898 2050 2955 altare
2077 2895 2139 2955 in
2166 2907 2293 2956 tota

303 2992 708 3053 Bemiciorum
736 3005 909 3069 gente
938 3006 1196 3054 erectum
1225 3006 1330 3068 est,
1366 2995 1705 3072 priusquam
1731 2994 1849 3052 hoc
1876 3011 2075 3051 sacrae
2103 2992 2290 3051 crucis

299 3088 588 3147 uexillum
639 3108 836 3149 nouus
889 3090 1130 3149 militiae
1185 3092 1396 3151 ductor
1448 3091 1708 3150 dictante
1775 3089 1915 3149 fidei
1968 3090 2289 3151 deuotione

199 3207 273 3263 30
299 3195 512 3244 contra
535 3185 769 3244 hostem
795 3185 1261 3244 inmanissimum
1289 3196 1648 3261 pugnaturus
1676 3194 1969 3243 statueret.

426 3282 561 3340 Nec
600 3282 677 3341 ab
716 3300 782 3341 re
822 3292 912 3342 est
952 3301 1137 3341 unum
1174 3301 1208 3341 e
1243 3282 1510 3358 pluribus
1552 3300 1707 3357 quae
1743 3281 1823 3340 ad
1861 3281 2016 3339 hanc
2052 3300 2286 3340 crucem

457 3441 472 3470 x
498 3420 519 3450 ⁸
538 3422 663 3485 fidei
679 3422 805 3473 from
839 3422 917 3474 C1.
1421 3424 1444 3457 ⁷
1475 3441 1654 3486 aquam
1677 3424 1837 3488 prima
1857 3438 2023 3471 manu.

497 3503 540 3536 ²⁵
570 3505 874 3555 sacratiorem
897 3502 980 3557 (ΣΙ.
1040 3507 1355 3558 sacrationem
1378 3522 1469 3556 ms.
1686 3502 1727 3535 ³¹
1760 3505 1897 3554 Nam
1919 3503 1979 3551 ab
2000 3519 2090 3551 ms.
