2567 3750
301 51 307 57 ·
357 12 485 102 (26)
508 52 549 72 =
572 18 670 100 24]
753 35 949 87 KJNG
987 36 1315 86 ECGFRJD
1358 36 1706 86 RA-VAGES
1742 35 2132 85 HJBERNJA.
2226 40 2335 95 149

355 169 681 244 Anglorum
721 186 950 242 semper
986 164 1418 240 amicissimam,
1455 165 1537 225 ita
1575 177 1640 226 ut
1682 185 1759 226 ne
1800 165 2060 226 ecclesiis
2096 164 2337 241 quidem
2397 190 2406 199 „

284 246 293 253 ’
353 276 456 324 aut
509 262 872 323 monasteriis
927 281 1136 321 manus
1190 272 1454 337 parceret
1511 261 1754 322 hostilis·
1862 272 1924 321 at
1977 261 2228 321 insulani
2280 273 2338 321 et

354 370 641 436 quantum
695 361 930 418 ualuere
983 357 1158 416 armis
1219 376 1383 415 arma
1449 359 1827 433 repellebant,
1882 367 1943 417 et
1995 358 2337 418 inuocantes

357 455 593 514 diuinae
629 453 909 513 auxilium
945 452 1176 529 pietatis
1216 452 1459 512 caelitus
1488 472 1550 513 se
1583 451 1868 512 uindicari
1906 452 2197 513 continuis
2235 452 2337 512 diu

294 568 329 626 5
358 549 848 626 inprecationibus
888 549 1282 624 postulabant.
1367 559 1427 609 et
1464 548 1734 625 quamuis
1781 548 2054 609 maledici
2095 568 2334 624 regnum

356 645 455 706 dei
485 644 785 722 possidere
819 663 941 703 non
978 644 1219 720 possint,
1259 644 1546 704 creditum
1579 654 1668 704 est
1703 655 1900 704 tamen
1928 645 2092 720 quod
2127 640 2205 716 hi,
2237 644 2338 720 qui

356 741 565 800 merito
591 740 902 816 impietatis
928 759 1070 799 suae
1097 740 1611 812 maledicebantur,
1637 740 1800 800 ocius
1830 740 2074 800 domino
2102 740 2336 800 uindice

358 856 580 914 poenas
608 837 698 896 sui
724 847 916 896 reatus
951 838 1194 897 luerent.
1278 836 1568 914 siquidem
1603 856 1761 896 anno
1797 849 1931 913 post
1967 838 2126 895 hunc
2154 837 2338 912 proxi-

360 953 460 992 mo
506 934 664 994 idem
711 953 828 1005 rere,
871 952 1010 992 cum
1053 944 1273 992 temere
1319 934 1640 995 exercitum
1685 934 1763 992 ad
1818 932 2163 991 uastandam
2213 933 2337 991 Pic-

263 1051 337 1091 ιο
361 1042 553 1090 torum
598 1030 961 1108 prouinciam
1014 1029 1290 1102 duxisset,
1349 1031 1598 1088 multum
1646 1028 2089 1104 prohibentibus
2135 1028 2337 1087 amicis

361 1137 422 1186 et
464 1125 715 1186 maxime
757 1127 967 1185 beatae
1011 1124 1329 1184 memoriae
1384 1120 1721 1186 Cudbercto
1768 1124 1871 1200 qui
1922 1142 2109 1200 nuper
2153 1125 2337 1184 fuerat

362 1220 661 1280 ordinatus
715 1219 1037 1295 episcopus,
1104 1218 1472 1279 introductus
1526 1230 1615 1279 est
1668 1218 2075 1278 simulantibus
2140 1219 2337 1292 fugam

363 1314 629 1374 hostibus
655 1314 716 1372 in
743 1313 1036 1390 angustias
1063 1314 1492 1374 inaccessorum
1514 1314 1822 1387 montium,
1847 1324 1905 1373 et
1925 1333 2063 1372 cum
2082 1313 2338 1372 maxima

365 1420 528 1484 parte
555 1408 853 1485 copiarum
881 1428 1026 1484 quas
1051 1427 1254 1469 secum
1281 1410 1604 1468 adduxerat
1631 1407 1923 1468 extinctus
1948 1426 2105 1466 anno
2133 1407 2337 1467 aetatis

271 1528 336 1587 15
367 1525 505 1566 suae
539 1507 597 1563 xl
631 1504 794 1581 regni
832 1516 1031 1565 autem
1069 1526 1145 1564 xv
1184 1505 1281 1564 die
1324 1504 1423 1564 xiii
1460 1504 1842 1564 kalendarum
1880 1503 2195 1563 Iuniarum.
2280 1516 2339 1563 et

364 1599 609 1676 quidem
635 1612 701 1660 ut
729 1599 847 1660 dixi
873 1600 1292 1676 prohibuerunt
1311 1599 1491 1659 amici
1517 1619 1593 1659 ne
1620 1601 1735 1659 hoc
1762 1599 1982 1658 bellum
2014 1598 2184 1658 iniret
2212 1600 2335 1670 sed,

364 1694 646 1769 quoniam
681 1714 837 1755 anno
871 1696 1259 1770 praecedente
1285 1695 1553 1753 noluerat
1579 1693 1781 1752 audire
1809 1692 2339 1754 reuerentissimum

365 1800 587 1865 patrem
630 1793 1021 1868 Ecgberctum
1063 1810 1139 1849 ne
1183 1790 1465 1850 Scottiam
1508 1791 1591 1850 nil
1637 1811 1701 1851 se
1753 1791 2085 1851 laedentem
2137 1789 2338 1867 inpug-

367 1898 546 1960 naret,
576 1887 780 1946 datum
807 1899 896 1947 est
922 1887 1006 1946 illi
1035 1906 1108 1946 ex
1131 1906 1327 1963 poena
1361 1887 1589 1963 peccati
1619 1887 1788 1960 illius,
1816 1907 1891 1947 ne
1921 1907 2079 1947 nunc
2108 1906 2210 1947 eos
2238 1886 2338 1966 qui

271 2008 342 2045 20
366 1980 558 2057 ipsum
584 1983 658 2042 ab
686 1982 919 2043 interitu
945 2002 1219 2042 reuocare
1245 1983 1561 2059 cupiebant
1587 1983 1829 2043 audiret.

488 2080 579 2137 Ex
619 2097 738 2153 quo
777 2088 1039 2155 tempore
1080 2097 1214 2153 spes
1248 2077 1447 2154 coepit
1488 2089 1548 2138 et
1589 2078 1772 2138 uirtus
1814 2078 1975 2154 regni
2017 2080 2338 2155 Anglorum

366 2172 544 2232 fluere
569 2192 640 2231 ac
665 2184 818 2232 retro
849 2174 1123 2249 sublapsa
1156 2173 1366 2233 referri.
1450 2194 1590 2234 nam
1617 2186 1681 2233 et
1707 2175 1855 2234 Picti
1882 2185 2091 2235 terram
2117 2194 2339 2250 posses—

365 2267 546 2328 sionis
589 2287 746 2341 suae,
801 2288 979 2345 quam
1022 2280 1334 2330 tenuerunt
1375 2270 1553 2347 Angli
1601 2281 1659 2331 et
1702 2270 1886 2331 Scotti
1928 2271 2031 2347 qui
2075 2283 2236 2331 erant
2278 2273 2338 2330 in

368 2362 664 2435 Brittania,
714 2365 1057 2423 Brettonum
1101 2382 1338 2440 quoque
1378 2384 1511 2440 pars
1554 2367 1840 2425 nonnulla
1883 2365 2211 2442 libertatem
2257 2386 2340 2425 re—

271 2483 301 2521 2
308 2480 338 2539 5
369 2467 650 2532 ceperunt
684 2476 860 2532 quam
897 2468 956 2518 et
992 2459 1276 2517 hactenus
1309 2460 1531 2519 habent
1565 2479 1670 2536 per
1708 2479 1895 2519 annos
1938 2459 2162 2520 circiter
2201 2461 2332 2518 xlui.

367 2553 470 2612 ubi
511 2552 661 2613 inter
700 2552 983 2628 plurimos
1023 2553 1214 2630 gentis
1255 2556 1580 2631 Anglorum
1617 2557 1720 2615 uel
1764 2556 2101 2617 interemtos
2142 2557 2339 2633 gladio

366 2651 460 2709 uel
487 2649 721 2710 seruitio
747 2650 1015 2710 addictos
1041 2652 1138 2711 uel
1166 2652 1243 2710 de
1271 2661 1419 2710 terra
1447 2652 1742 2712 Pictorum
1769 2655 1904 2731 fuga
1936 2656 2131 2731 lapsos
2162 2653 2340 2714 etiam

366 2739 861 2805 reuerentissimus
897 2747 988 2805 uir
1019 2747 1246 2806 domini
1281 2747 1628 2819 Triumuini,
1668 2748 1771 2825 qui
1807 2749 1867 2808 in
1905 2769 2007 2809 eos
2044 2749 2342 2826 episcopa-

366 2852 489 2900 tum
538 2852 861 2917 acceperat,
906 2843 1143 2904 recessit
1183 2863 1320 2902 curn
1364 2843 1482 2903 suis
1530 2844 1632 2920 qui
1678 2855 1842 2904 erant
1884 2843 1947 2902 in
1989 2845 2340 2904 monasterio

272 2964 342 3020 30
369 2937 804 3014 Aebbercurnig
848 2937 1042 3014 posito
1085 2938 1325 3015 quidem
1368 2938 1431 2997 in
1476 2938 1713 3015 regione
1757 2941 2081 3017 Anglorum
2125 2939 2237 2998 sed·
2278 2939 2342 2996 in

368 3032 583 3092 uicinia
607 3032 736 3091 freti
762 3035 926 3109 quod
952 3035 1275 3110 Anglorum
1305 3044 1482 3093 terras
1512 3034 1926 3110 Pictorumque
1955 3031 2335 3100 disterminat,

368 3147 585 3203 eosque
627 3129 984 3205 ubicumque
1017 3140 1244 3206 poterat
1279 3129 1483 3189 amicis
1518 3149 1624 3206 per
1659 3129 2008 3190 monasteria
2044 3148 2340 3188 commen-

508 3240 533 3272 ⁸
563 3242 767 3305 malefici
792 3257 854 3306 pr
875 3256 1007 3292 man.
1157 3239 1201 3273 ²⁸
1231 3242 1510 3304 angustiam
1543 3256 1603 3305 pr
1624 3256 1756 3290 man.
1907 3238 1950 3274 ²⁸
1980 3240 2074 3287 led·
2106 3254 2197 3288 ms.
