2567 3750
315 46 445 128 (²35
463 79 506 98 =
529 46 633 128 23]
712 66 841 114 HIS
890 64 1142 114 VJSJoN
1172 63 1335 112 ΛΝΒ
1377 61 1501 111 JTS
1537 22 2070 115 FULFJZMENJz'
2175 61 2281 116 147

311 215 448 254 eum
476 194 573 253 die
601 196 856 270 quadam
884 195 960 253 de
987 191 1342 252 monasterio
1379 190 1478 250 illo
1510 190 1741 267 longius
1769 197 2082 267 egressum,
2109 192 2287 251 comi-

310 300 469 348 tante
513 308 713 348 secum
757 308 878 348 uno
919 289 996 346 de
1039 287 1319 359 fratribuS,
1367 297 1603 362 peracto
1647 284 1851 346 itinere
1898 286 2098 346 redire.
2184 287 2285 363 qui

309 403 444 442 cum
484 383 835 442 monasterio
878 382 1338 458 propinquarent
1372 393 1431 440 et
1471 381 1734 441 aedificia
1769 381 1925 442 illius
1967 382 2287 443 sublimiter

310 491 501 538 erecta
527 479 867 555 aspicerent,
899 480 1122 539 solutus
1149 488 1236 537 est
1263 477 1323 535 in
1354 477 1619 536 lacrimas
1652 477 1742 536 uir
1778 477 1873 537 dei
1907 488 1965 537 et
1997 477 2285 537 tristitiam

252 598 281 655 5
311 575 501 635 cordis
541 577 706 634 uultu
748 574 946 634 indice
985 574 1286 650 prodebat.
1373 574 1535 648 quod
1573 572 1809 632 intuens
1849 591 2064 643 comeS,
2109 592 2296 649 quare,

309 673 523 730 faceret
554 671 869 748 inquisiuit.
952 682 1013 729 at
1048 670 1147 729 ille
1175 675 1191 702 ‘
1209 669 1451 729 cuncta'
1481 668 1667 745 inquit
1700 676 1715 705 ‘
1732 671 1877 729 haec
1910 689 2063 745 quae
2098 670 2285 730 cernis

309 769 572 827 aedificia
625 769 858 845 puplica
905 769 1001 827 uel
1048 767 1272 843 priuata
1321 766 1380 824 in
1427 766 1693 842 proximo
1740 777 1828 825 est
1875 777 1940 825 ut
1987 766 2142 842 ignis·
2189 767 2285 826 ab·

311 878 547 923 sumens
606 864 667 920 in
727 864 982 922 cinerem
1031 865 1371 921 conuertat.'
1469 863 1631 937 quod
1686 861 1783 920 ille
1836 861 2112 934 audienS,²
2149 883 2285 922 mox

310 951 374 1018 ut
413 959 773 1018 intrauerunt
812 958 1242 1032 monasterium,
1275 958 1445 1016 matri
1486 958 1949 1035 congregationis
1990 960 2284 1019 uocabulo

219 1075 287 1114 ro
311 1057 533 1116 Aebbae
587 1055 808 1115 curauit
861 1054 1137 1114 indicare.
1235 1065 1296 1111 at
1349 1055 1446 1111 illa
1500 1055 1706 1114 merito
1773 1055 2003 1115 turbata
2056 1056 2131 1115 de
2184 1056 2283 1114 tali

310 1154 608 1230 praesagio
639 1153 876 1214 uocauit
912 1153 988 1212 ad
1026 1171 1089 1211 se
1125 1136 1334 1222 uirum,
1364 1161 1422 1209 et
1450 1149 1783 1226 diligentius
1810 1152 1886 1210 ab
1914 1170 1987 1211 eo
2014 1171 2153 1223 rem,
2189 1155 2283 1211 uel

310 1249 467 1308 unde
493 1248 759 1325 hoc-ipse
786 1258 999 1318 nosset,
1028 1246 1370 1322 inquirebat.
1450 1244 1550 1320 qui
1578 1245 1684 1306 ait:
1720 1250 1736 1277 ‘
1753 1265 1939 1321 nuper
1964 1258 2283 1322 occupatus

311 1356 489 1405 noctu
526 1344 735 1421 uigiliis
775 1353 834 1402 et
870 1342 1108 1418 psalmis
1144 1341 1277 1400 uidi
1307 1342 1637 1400 adstantem
1680 1341 1824 1399 mihi
1867 1342 2063 1401 subito
2106 1361 2284 1417 quen-

309 1442 446 1499 dam
468 1439 748 1516 incogniti
767 1440 963 1498 uultus
986 1461 997 1497 :
1039 1437 1205 1496 cuius
1232 1437 1561 1512 praesentia
1586 1456 1723 1495 cum
1752 1454 1939 1496 essem
1964 1437 2281 1508 exterrituS,

216 1551 279 1609 15
309 1536 452 1595 dixit
480 1535 623 1594 mihi
651 1554 726 1594 ne
751 1534 1036 1605 timerem,
1074 1544 1135 1593 et
1171 1532 1338 1608 quasi
1373 1533 1639 1592 familiari
1675 1553 1771 1593 me
1803 1554 1952 1595 uoce
1980 1536 2283 1610 alloquens

312 1631 495 1690 ‘bene
526 1629 700 1687 facis’
729 1628 917 1704 inquit
954 1633 970 1660 ⁴
990 1627 1090 1703 qui
1127 1639 1391 1703 tempore
1426 1627 1537 1687 isto
1575 1639 1896 1687 nocturnae
1925 1629 2133 1704 quietis
2160 1649 2281 1689 non

307 1745 517 1786 somno
558 1727 878 1802 indulgere,
925 1725 1032 1784 sed
1068 1718 1277 1800 uigiliis
1316 1735 1375 1782 et
1411 1723 1772 1783 orationibus
1806 1724 2068 1785 insistere
2105 1729 2293 1786 malu-·

306 1822 434 1882 isti!
514 1825 595 1882 At
643 1841 753 1897 ego
802 1820 1006 1881 ‘noui'
1056 1820 1295 1896 inquam
1342 1821 1624 1879 ‘multum
1678 1820 1822 1879 mihi
1870 1839 1995 1881 esse
2043 1841 2292 1882 necesse·

308 1917 516 1995 uigiliis
563 1917 908 1978 salutaribus
961 1917 1222 1976 insistere
1278 1927 1335 1976 et
1384 1936 1489 1992 pro
1543 1917 1688 1976 meis
1742 1918 2021 1978 errat-ibus
2076 1921 2282 1979 sedulo

212 2033 285 2070 πο
308 2014 617 2074 dominum
663 2014 996 2091 deprecari.'
1077 2013 1178 2089 qui
1222 2013 1482 2073 adiciens
1536 2017 1804 2074 ‘uerum’
1850 2015 2036 2091 inquit
2082 2017 2277 2086 ‘dicis‚

306 2110 442 2184 quia
479 2121 537 2169 et
578 2109 683 2169 tibi
721 2123 780 2169 et
816 2109 1015 2167 multis
1055 2128 1204 2184 opus
1241 2119 1329 2168 est
1368 2121 1611 2184 peccata
1648 2130 1754 2170 sua
1794 2111 1963 2170 bonis
2008 2113 2280 2186 operibus

304 2204 588 2264 redimere
632 2215 711 2276 et,
750 2224 886 2263 cum
930 2215 1158 2263 cessant
1200 2224 1235 2262 a
1276 2205 1572 2265 laboribus
1615 2226 1805 2265 rerum
1852 2206 2276 2282 temporalium,

304 2314 444 2361 tunc
490 2319 601 2378 pro
641 2302 904 2377 appetitu
945 2313 1313 2360 aeternorum
1359 2302 1649 2360 bonorum
1698 2302 1934 2360 liberius
1957 2303 2280 2374 :laborare3

305 2400 410 2457 sed
449 2397 565 2457 hoc
603 2407 797 2456 tamen
840 2395 1172 2471 paucissimi
1210 2395 1443 2455 faciunt.
1530 2395 1819 2472 siquidem
1863 2399 2045 2457 modo
2087 2408 2277 2456 totum

210 2505 239 2547 2
246 2507 277 2566 5
305 2485 861 2552 hocmonasterium
895 2511 966 2550 ex
1002 2490 1206 2550 ordine
1244 2493 1595 2566 perlustrans
1632 2492 1988 2568 singulorum
2017 2512 2180 2551 casas
2208 2514 2277 2558 ac

304 2587 487 2646 lectos
513 2586 739 2662 inspexi
767 2597 827 2645 et
852 2584 1149 2644 neminem
1178 2605 1250 2645 ex
1277 2585 1550 2645 omnibus
1577 2598 1803 2662 praeter
1829 2599 1890 2648 te
1912 2607 2045 2664 erga
2072 2589 2278 2647 sanita-

305 2692 423 2740 tem
458 2682 687 2740 animae
732 2700 872 2740 suae
916 2692 1266 2755 occupatum
1303 2681 1545 2757 repperi,
1582 2684 1686 2741 sed
1725 2701 1930 2742 omnes
1957 2702 2189 2758 prorsus
2218 2696 2277 2743 et

304 2778 410 2837 uiri
459 2790 516 2838 et
562 2778 813 2838 feminae
856 2788 954 2836 aut
999 2796 1207 2837 somno
1256 2789 1488 2854 torpent
1534 2778 1703 2838 inerti
1750 2790 1850 2838 aut
1904 2781 1981 2839 ad
2033 2794 2276 2855 peccata

304 2873 558 2950 uigilant.
644 2884 871 2950 namet
897 2874 1306 2946 domunculae,
1343 2894 1494 2949 quae
1521 2876 1597 2933 ad
1627 2876 1913 2934 orandum
1950 2877 2047 2935 uel
2082 2877 2274 2951 legen-

203 2982 278 3038 30
302 2969 444 3027 dum
472 2970 658 3029 factae
688 2980 868 3042 erant,
898 2988 1055 3028 nunc
1082 2968 1142 3027 in
1170 2968 1633 3028 comesationum
1665 2969 2032 3045 potationum
2060 2971 2274 3029 fabula-

302 3064 535 3124 tionum>
569 3076 628 3124 et
672 3075 991 3123 ceterarum
1036 3075 1169 3123 sunt
1212 3064 1632 3124 inlecebrarum
1680 3064 1893 3124 cubilia
1935 3084 2268 3136 conuersae,

302 3160 549 3237 uirgines
587 3177 822 3236 quoque
859 3161 974 3219 deo
1015 3155 1242 3220 dicatae
1278 3171 1578 3219 contemta·
1608 3159 1928 3219 reuerentia
1968 3177 2105 3218 suae
2145 3177 2274 3235 pro-

428 3271 451 3302 ⁴
482 3273 697 3321 lacr.‘mis
730 3289 787 3337 pr
810 3288 938 3321 man.
1200 3271 1239 3303 1⁸
1272 3273 1434 3340 inquit
1468 3288 1555 3320 ms.
1820 3271 1861 3302 ³⁰
1879 3271 2018 3333 siu-ta
2054 3285 2143 3317 ms.
2214 3292 2216 3295 ⁴

1923 3397 1943 3433 1
1956 3396 2067 3452 ος-
2078 3396 2106 3431 2
