2567 3750
232 18 339 73 132
410 16 572 64 WAR
611 6 1011 62 BETWEEN
1042 12 1374 63 ECGFRID
1411 12 1577 60 AND
1616 12 2029 60 AEDILRED.
2104 0 2220 75 [IV

385 142 644 203 nobilior
685 141 933 202 domino
975 153 1082 214 est,
1127 153 1257 202 orta
1296 152 1463 218 patre
1505 139 1736 199 eximio.

282 228 552 314 ¹percipit
592 238 731 297 inde
774 238 955 296 decus
996 236 1231 312 reginae
1274 246 1333 294 et
1374 246 1603 311 sceptra
1644 237 1752 294 sub
1792 233 1988 294 astris:

316 351 318 354 ’
383 336 516 412 plus
557 354 732 410 super
771 344 926 393 astra
966 351 1212 391 manens
1249 330 1497 408 percipit
1537 330 1677 390 inde
1718 331 1916 390 decus,

307 431 452 506 quid
490 429 644 507 petis
683 430 839 488 alma
880 428 1089 501 uirum,
1135 446 1357 503 sponso
1397 426 1517 485 iam
1560 426 1763 486 dedita
1803 427 2083 485 summo?

387 546 638 602 sponsus
677 526 847 585 adest
890 524 1174 596 ChristuS,
1219 522 1365 598 quid
1403 521 1557 599 petis
1597 524 1755 580 alma
1795 520 1987 580 uirum
2007 524 2035 581 Ρ
2289 546 2322 605 5

306 624 456 700 regis
496 633 561 683 ut
600 621 858 682 aetherei
899 633 1145 681 matrem
1186 620 1306 679 iam
1348 620 1528 679 credo
1567 618 1844 695 sequariS,

386 733 452 780 tu
494 739 732 796 quoque
773 718 851 779 sis
891 730 1080 777 mater
1117 717 1268 792 regis
1311 727 1377 777 ut
1415 716 1689 776 aetherei.

308 835 527 893 sponsa
566 816 764 885 dicata
805 817 921 875 deo
962 814 1054 874 bis
1096 833 1200 873 sex
1239 824 1586 889 regnauerat
1628 811 1815 886 anniS‚

387 911 566 987 inque
608 909 964 969 monasterio
1006 920 1096 968 est
1137 924 1355 984 sponsa
1396 908 1591 968 dicata
1632 909 1762 968 deo·

309 1018 435 1067 tota
475 1018 701 1068 sacrata
738 1008 882 1084 polo
923 1005 1092 1066 celsis
1133 1006 1236 1065 ubi
1277 1007 1471 1066 floruit
1511 1007 1674 1080 actiS‚
2254 1028 2325 1065 10

387 1102 645 1163 reddidit
685 1114 864 1179 atque
904 1102 1165 1162 animam
1208 1113 1338 1162 tota
1378 1114 1607 1162 sacrata
1647 1104 1804 1179 polo.

311 1198 550 1275 uirginis
590 1193 747 1258 alma
786 1215 922 1258 caro
965 1210 1053 1258 est
1095 1202 1384 1259 tumulata
1423 1199 1515 1260 bis
1557 1212 1695 1260 octo
1737 1203 1795 1259 N
1801 1202 2129 1273 ouembreS‚

388 1315 502 1355 nec
542 1307 709 1372 putet
749 1293 811 1354 in
853 1298 1081 1355 tumulo
1120 1296 1362 1374 uirginis
1403 1299 1563 1356 alma
1603 1317 1755 1357 caro.

312 1391 561 1464 Christe,
605 1391 689 1452 tui
735 1404 824 1453 est
863 1393 1073 1468 operiS,
1117 1393 1257 1469 quia
1296 1394 1479 1453 uestis
1520 1406 1580 1455 et
1618 1394 1748 1470 ipsa
1788 1394 2100 1470 sepuichro

388 1485 672 1547 inuiolata
711 1486 894 1549 nitet:
953 1488 1199 1561 Christe,
1243 1488 1329 1548 tui
1372 1501 1460 1549 est
1500 1489 1707 1566 operis,
2255 1503 2319 1561 15

309 1582 486 1658 ydros
527 1592 609 1642 et?
626 1594 752 1643 ater
790 1584 913 1644 abit
954 1604 1150 1644 sacrae
1192 1605 1300 1662 pro
1340 1585 1522 1647 uestis
1562 1587 1815 1646 honore:

390 1677 580 1737 morbi
622 1677 950 1755 diffugiunt,
993 1682 1171 1756 ydros
1213 1691 1270 1741 et
1311 1692 1437 1740 ater
1476 1681 1615 1740 abit.

310 1775 468 1833 zelus
508 1771 570 1833 in
611 1775 780 1847 hoste
821 1775 972 1848 furit,
1017 1779 1323 1853 quondam
1366 1777 1468 1855 qui
1511 1777 1733 1838 uicerat
1776 1780 2002 1836 Euam:

389 1868 554 1947 uirgo
594 1870 916 1949 triumphat
955 1892 1155 1946 ouanS,
1203 1875 1365 1933 zelus
1403 1873 1464 1932 in
1506 1875 1676 1934 hoste
1716 1872 1865 1935 furit.

309 1967 506 2043 aspice
546 1980 735 2045 nupta
776 1971 908 2043 deo,
954 1990 1104 2046 quae
1147 1970 1222 2030 sit
1263 1970 1370 2030 tibi
1410 1970 1596 2047 gloria
1635 1970 1827 2030 terris:
2251 1985 2325 2023 20

392 2081 545 2138 quae
586 2074 825 2123 maneat
866 2065 1061 2137 caeliS,
1104 2064 1304 2142 aspice
1344 2075 1532 2141 nupta
1574 2065 1705 2125 deo.

309 2178 554 2218 munera
593 2161 747 2220 laeta
786 2161 947 2237 capis
987 2160 1211 2221 festinis
1251 2162 1473 2237 fulgida
1512 2162 1737 2220 taedis:

390 2275 530 2315 ecce
571 2256 737 2315 uenit
778 2277 1045 2333 sponsus,
1089 2275 1335 2317 munera
1374 2259 1528 2317 laeta
1569 2257 1747 2333 capis.

311 2362 369 2409 et
409 2370 567 2410 noua
597 2348 918 2412 'dulcisono
957 2354 1276 2412 modularis
1316 2351 1578 2412 carmina
1617 2355 1857 2429 plectr0‚

390 2467 610 2524 sponsa
648 2450 875 2526 hymno
911 2452 1136 2510 exultas
1178 2460 1238 2510 et
1278 2469 1437 2509 noua
1478 2450 1805 2509 dulcisonoss
2252 2470 2315 2511 ει·

310 2546 504 2603 nullus
545 2546 620 2605 ab
661 2546 958 2606 altithroni
999 2546 1283 2606 comitatu
1325 2539 1587 2623 segregat
1628 2546 1779 2622 agni,
2091 2541 2096 2546 ’

390 2659 568 2716 quam
608 2643 823 2702 affectu
863 2643 1071 2702 tulerat
1112 2644 1308 2702 nullus
1349 2643 1426 2701 ab
1467 2641 1785 2701 altithroni.

1114 2790 1321 2873 [XXI]

230 2912 533 3033 ANNO
578 2910 740 2987 regni
787 2911 1046 2988 Ecgfridi
1093 2932 1255 2972 nono
1303 2924 1576 2972 conserto
1612 2910 1774 2988 graui
1814 2913 2039 2988 proelio
2072 2912 2221 2972 inter

397 3010 591 3085 ipsum
632 3019 692 3067 et
723 3008 1097 3068 AEdilredum
1130 3027 1329 3084 regem
1368 3008 1728 3068 Merciorum
1773 3008 1935 3068 iuxta
1972 3009 2216 3068 fluuium
2249 3088 2255 3095 Ο

230 3114 501 3183 Treanta,
552 3105 782 3174 occisus
825 3118 916 3176 est
962 3108 1222 3169 Aelfuini
1268 3110 1442 3169 frater
1486 3109 1637 3186 regis
1683 3109 1941 3187 Ec'gfridi
1987 3109 2218 3170 iuuenis
2246 3135 2320 3192 30

1053 3228 1095 3262 ²⁸
1126 3231 1273 3279 XIX
1290 3247 1381 3282 ms,
