2567 3750
255 176 370 247 306
906 188 1003 237 oF
1035 189 1119 236 SA
1130 190 1330 237 CRED
1371 190 1583 239 DUST.
2123 173 2240 254 [IV

348 314 389 362 P
415 315 486 373 99
517 327 573 376 14
598 327 864 364 PVLVERIS
886 331 920 379 p
939 331 995 365 21
1022 317 1085 381 17
1110 332 1144 376 n
1169 318 1254 377 (on
1274 315 1493 380 astulas).
1522 334 1559 381 p
1576 315 1636 381 36
1658 317 1677 365 1
1701 334 1728 380 5
1753 333 1803 366 n.
1841 330 1880 366 v
1899 320 1959 367 18
1984 318 2237 368 Pecthelm

250 396 478 457 reported
511 395 568 443 of
591 395 661 457 bp
696 395 902 453 Haeddi,
934 395 1043 444 that
1075 397 1237 445 where
1269 396 1333 444 he
1361 397 1477 445 died
1506 398 1562 445 ob
1590 398 1816 445 meritum
1843 399 2113 446 sanctitatis
2136 400 2237 447 a'us

250 473 436 522 multa
473 473 798 522 sanitatum
838 474 957 523 sint
1000 482 1236 539 patrata
1266 475 1553 525 miracula
1580 476 1973 539 hominesque
2001 477 2232 540 prouin-

249 554 375 603 ciae
428 554 596 603 illius
651 555 864 605 solitos
918 556 1184 606 ablatum
1238 557 1378 614 inde
1438 556 1746 620 puluerem
1806 564 2053 620 propter
2111 556 2231 605 lan·

247 641 493 698 guentes
533 636 592 683 in
631 650 840 699 aquam
878 637 1117 686 mitter'e
1160 646 1339 701 atque
1385 638 1558 687 huius
1593 646 1830 702 gustum
1876 639 1999 687 siue
2039 653 2229 702 asper·
2298 644 2332 702 5

247 715 469 764 sionem
501 716 703 764 multis
735 715 1051 766 sanitatem
1083 718 1346 781 aegrotis
1376 726 1432 767 et
1456 718 1797 767 hominibus
1828 727 1885 769 et
1914 720 2229 783 pecoribus

247 796 549 856 conferre3
599 803 854 859 propter
885 797 1041 860 quod
1079 796 1380 861 frequenti
1425 798 1733 848 ablatione
1774 799 2039 862 pulueris
2076 800 2226 849 sacri

244 875 401 924 fossa
448 876 524 925 sit
572 876 793 924 ibidem
843 864 1004 925 facta
1046 892 1162 925 non
1206 878 1464 926 minima.
1543 878 1743 942 Jerome
1788 893 1850 941 ep
1898 892 2116 941 109=53
2161 879 2227 927 ad

246 955 503 1019 Riparium
535 956 650 1003 rails
682 954 878 1017 fiercely
909 955 1100 1018 against
1133 957 1431 1019 vigilantius
1462 957 1540 1005 for
1577 957 1820 1021 speaking
1851 957 1889 1023 (‘
1903 959 2118 1023 opening
2147 959 2226 1008 his

242 1035 461 1097 stinking
491 1034 666 1082 mouth
680 1032 714 1094 ’)
744 1035 937 1096 against
966 1034 1050 1083 the
1081 1035 1222 1083 relies
1257 1034 1428 1084 of'the
1461 1035 1580 1099 holy
1611 1044 1836 1099 martyrs‚
1869 1038 1968 1085 and
2000 1038 2076 1086 for
2106 1037 2223 1086 call-
2252 1043 2332 1080 10

240 1117 327 1179 ing
346 1116 467 1165 such
492 1131 547 1164 as
577 1126 806 1164 venerate
840 1115 975 1164 them
1003 1117 1266 1164 cinerarios
1292 1123 1339 1164 et
1356 1117 1650 1166 idololatras.
1717 1118 1782 1167 In
1802 1118 1887 1166 the
1907 1124 2033 1167 tract
2054 1125 2226 1167 contra

239 1199 342 1262 Vig
370 1198 435 1247 he
465 1213 720 1261 compares
750 1197 828 1245 his
859 1198 1117 1259 adversary
1139 1204 1191 1246 to
1223 1204 1462 1256 centaurS‚
1489 1197 1658 1256 sirenS,
1686 1198 1824 1256 owls,
1853 1197 2107 1256 Cerberus,
2139 1199 2224 1248 the

239 1278 595 1341 Erymanthian
625 1277 763 1333 boar,
797 1276 1042 1325 chimaera
1073 1283 1164 1325 etc.
1233 1276 1459 1340 Happily
1490 1277 1554 1327 he
1585 1277 1675 1327 has
1706 1278 1966 1342 preserved
2003 1293 2139 1327 some
2171 1279 2230 1327 of

238 1360 322 1409 the
361 1361 374 1385 ‘
389 1358 719 1422 blasphemies
733 1355 746 1378 ’
791 1357 953 1405 which
997 1365 1049 1406 to
1087 1365 1361 1421 protestant
1400 1374 1507 1406 ears
1546 1357 1705 1407 sound
1744 1358 1844 1407 like
1876 1358 1962 1406 the
1993 1357 2133 1406 voice
2170 1357 2241 1406 of·

237 1441 381 1489 sober
407 1454 584 1488 reason
617 1449 662 1486 11
698 1435 834 1503 390¹*
867 1437 999 1499 (Ven
1037 1435 1178 1497 1767)
1209 1437 1335 1501 quid
1359 1453 1532 1486 necesse
1560 1444 1629 1486 est
1660 1444 1707 1486 te
1740 1443 1876 1485 tanto
1911 1438 2089 1486 honore
2119 1452 2219 1486 non
2250 1447 2273 1484 Ι
2287 1445 2322 1503 5

235 1521 388 1568 solum
425 1519 664 1567 honorare
700 1524 781 1565 sect
815 1516 961 1565 etiam
1002 1516 1207 1564 adorare
1245 1516 1380 1564 illud
1416 1517 1567 1565 nescio
1606 1517 1741 1581 quid,
1784 1518 1915 1580 quod
1947 1517 2004 1565 in
2043 1517 2220 1566 modico

236 1599 428 1647 uasculo
474 1596 805 1659 transferendo
850 1596 1195 1660 colis-Ruquid
1230 1596 1536 1660 puluerem
1580 1596 1932 1646 linteamine
1978 1597 2215 1646 circum·

234 1679 432 1727 datum
482 1675 786 1724 adorando
835 1674 1425 1738 oscularis?...prope
1471 1676 1647 1724 ritum
1690 1677 2009 1740 gentilium
2057 1676 2214 1725 uide·

233 1772 355 1806 mus
416 1757 521 1804 sub
586 1762 900 1819 praetextu
958 1756 1271 1824 religionis
1311 1757 1735 1806 ,introductum
1805 1757 1864 1806 in
1924 1758 2213 1816 ecclesiiS‚

231 1836 324 1884 sole
363 1835 523 1883 adhuc
555 1835 780 1898 fhlgente
808 1836 948 1884 moles·
984 1851 1220 1885 cerem-um
1265 1836 1460 1884 accendi
1504 1842 1563 1896 et,
1600 1836 1953 1900 ubicumque
1995 1838 2211 1902 puluis·
2239 1852 2321 1890 20

231 1917 430 1965 culum
467 1915 673 1965 nescio
714 1917 875 1979 quod
916 1918 977 1965 in
1015 1918 1247 1966 modico
1286 1918 1532 1967 uasculo
1570 1918 1835 1982 pretioso
1866 1918 2213 1969 linteamine

232 1997 656 2047 circumdatum
703 1996 1044 2046 osculantes
1086 1998 1349 2046 adorant.
1412 1998 1613 2060 Jerome
1656 1997 1835 2061 replies
1881 1995 2058 2061 39¹¹'“‘¹
2094 1999 2218 2048 dolet

231 2084 510 2141 martyrum
554 2076 783 2139 reliquias
822 2077 1026 2138 pretioso
1067 2078 1248 2139 operiri
1288 2077 1528 2125 uelamine
1564 2084 1610 2125 a
1651 2093 1752 2126 non
1791 2079 1874 2127 uel
1902 2079 2096 2141 pannis
2136 2081 2220 2129 uel

227 2159 379 2208 cilicio
408 2157 629 2221 colligari
655 2156 739 2204 uel
752 2156 916 2220 proici
942 2155 999 2204 in
1029 2143 1405 2220 sterquilihz’tam‚
1428 2162 1486 2204 ut
1505 2158 1635 2206 solus
1666 2156 1961 2221 Vigilantius
1989 2158 2146 2207 ebrius
2170 2163 2221 2207 et

225 2239 466 2289 dormiens
495 2238 737 2286 adoretur.
800 2253 908 2301 ergo
937 2238 1160 2300 sacrilegi
1191 2254 1379 2296 sumus,
1411 2239 1606 2302 quando
1635 2240 1953 2302 apostolorum
1996 2238 2216 2287 basilicas
2239 2255 2269 2292 2
2278 2252 2314 2313 5

226 2316 571 2382 ingredimur?
621 2317 881 2379 sacrilegus
911 2316 1028 2378 suit
1076 2317 1389 2365 Constantius
1432 2318 1694 2381 imperator
1734 2318 1782 2376 I,
1828 2317 1927 2381 qui
1977 2324 2212 2367 sanctas

226 2399 509 2462 reliquias
541 2398 815 2447 Andreae
848 2397 1042 2469 Lucae
1081 2404 1138 2446 et
1185 2398 1485 2448 Timothei
1529 2398 1836 2447 transtulit
1874 2397 2211 2447 Constanti-

224 2478 487 2543 nopolim
518 2477 669 2538 [Hier
687 2477 843 2526 chron
865 2493 929 2525 an
957 2492 1014 2542 19
1038 2483 1087 2526 et
1112 2492 1175 2526 20
1197 2477 1475 2527 Constantii
1496 2478 1596 2526 and
1618 2477 1746 2527 catal
1768 2493 1795 2526 c
1821 2489 1846 2539 7
1871 2478 1983 2527 end.
2020 2478 2209 2527 Philos-

223 2566 335 2621 torg
383 2569 450 2606 111
502 2558 568 2618 21,
618 2559 776 2621 apud
821 2574 965 2622 quas
1010 2559 1326 2607 daemones
1378 2558 1622 2621 rugiunt
1666 2565 1722 2607 et
1766 2556 2209 2609 inhabitatores

224 2638 547 2702 Vigilantii
576 2638 816 2686 illorum
838 2653 899 2687 se
926 2639 1148 2688 sentire
1177 2639 1576 2702 praesentiam
1597 2637 1992 2687 confitentur?
2030 2639 2204 2689 sacri·
2232 2653 2314 2708 30

222 2721 388 2785 legus
441 2721 727 2770 dicendus
781 2725 977 2767 est·et
1016 2732 1170 2767 nunc
1222 2718 1526 2780 Augustus
1573 2717 1880 2777 Arcadius,
1938 2717 2036 2782 qui
2074 2733 2206 2767 ossa

223 2802 384 2851 beati
432 2800 726 2850 Samuelis
775 2799 956 2861 longo
1001 2804 1137 2860 post
1181 2804 1452 2860 tempore
1501 2798 1571 2847 de
1622 2797 1849 2845 Iudaea
1896 2797 2205 2846 transtulit

221 2884 279 2931 in
321 2880 669 2931 Thraciam?
732 2893 933 2927 omnes
978 2876 1249 2940 episcopi
1292 2891 1406 2925 non
1456 2877 1647 2928 solum
1690 2877 1967 2942 sacrilegi
2004 2877 2105 2927 sed
2148 2887 2204 2928 et

220 2965 372 3014 fatui
415 2961 738 3019 iudicandi,
789 2960 888 3024 qui
932 2974 1052 3008 rem
1098 2948 1455 3006 uilissimam
1501 2966 1558 3008 et
1607 2957 1836 3007 cineres
1881 2956 2204 3009 dissolutos

219 3047 278 3093 in
327 3043 517 3093 serico
561 3048 620 3091 et
662 3055 803 3089 uase
856 3027 1041 3088 aureo
1089 3038 1518 3103 portauerunt?
1572 3036 1720 3101 394⁰*
1768 3039 1897 3087 male
1925 3040 2058 3102 facit
2097 3054 2205 3104 ergo
2232 3056 2306 3115 35

219 3126 475 3172 Romanus
516 3122 769 3185 episcopus,
808 3120 898 3183 qui
932 3126 1077 3182 super
1117 3125 1425 3167 mortuorum
1467 3117 1721 3166 hominum
1763 3118 1903 3167 Petri
1943 3123 1992 3166 et
2030 3117 2200 3179 Pauli,

220 3185 538 3253 secundum
576 3217 683 3250 nos
721 3215 857 3249 ossa
902 3199 1255 3258 ueneranda,
1303 3200 1630 3249 secundum
1669 3206 1728 3249 te
1765 3198 1947 3250 uilem
1985 3200 2205 3264 puluis·

221 3283 428 3340 culum,
473 3281 658 3330 offert
703 3282 939 3330 domino
988 3280 1291 3329 sacrificia
1338 3288 1395 3329 et
1441 3279 1699 3330 tumulos
1737 3295 1934 3329 eorum
1981 3281 2208 3331 Christi

218 3360 541 3409 arbitratur
572 3360 818 3409 altaria?
865 3368 906 3409 et
937 3373 1036 3409 non
1067 3357 1222 3409 solum
1255 3360 1411 3409 unim-
1441 3360 1577 3410 urbis
1598 3361 1681 3412 sed
1706 3360 1851 3410 totius
1880 3361 2007 3411 orbis
2036 3371 2212 3412 errant
