2567 3750
293 164 310 194 ²·
360 174 461 258 ²5]
528 159 539 170 “
1031 191 1383 243 METONJC
1426 193 1678 243 CYCLE.
1760 207 1765 211 ·
1961 237 1966 246 ,
2223 196 2330 255 275

357 336 530 369 necesse
556 326 625 372 est
651 319 754 369 iam
785 318 1025 369 ieiunium
1055 319 1184 368 solui
1207 320 1396 370 sabbato
1427 320 1512 377 die,
1541 320 1716 369 Easter
1740 335 1830 370 eve
1861 321 1960 369 and
1993 319 2076 369 the
2108 322 2336 369 termina-

357 402 462 450 tion
506 401 564 450 of
590 401 674 452 the
711 401 806 452 fast
842 401 1009 452 would
1046 401 1134 454 fall
1177 417 1243 451 on
1277 402 1363 459 the
1400 401 1681 463 thirteenth,
1719 403 1822 456 and
1856 417 1913 452 so
1946 402 2206 465 incipimus
2246 401 2343 464 legi

354 481 604 531 contraria
610 481 788 545 facere.

454 561 494 609 P
525 560 602 619 '74
634 563 694 614 18
725 573 1038 611 ANATomvs
1070 561 1192 625 129,
1216 577 1251 626 p
1274 575 1336 625 23
1369 561 1390 610 1
1418 577 1476 612 ro
1509 577 1559 614 n.
1599 563 1736 611 Beda
1768 562 1831 613 de
1856 577 1942 612 sex
1970 562 2212 618 aetatibus
2248 573 2339 611 AD

294 649 327 709 5
359 654 469 704 279·

484 756 520 781 „
595 736 654 770 22
688 732 995 770 coLvMBAM
1017 736 1053 785 p
1077 721 1262 784 24120
1281 737 1333 770 n.
1358 737 1394 785 p
1419 721 1570 783 7518
1592 722 1689 776 and
1716 737 1793 784 30.
1816 739 1852 787 p
1878 721 2050 786 7617.

482 836 520 861 ‚,
590 815 651 862 32
687 813 969 850 cmcvnvu
991 812 1030 849 x
1048 813 1119 849 ΕΤ
1141 813 1269 850 vnn
1292 813 1574 852 ANNORVM
1597 818 1633 866 p
1656 816 1715 863 25
1738 803 1757 852 1
1782 818 1857 865 30.
1916 803 2026 852 The
2046 802 2182 866 cyele
2203 803 2263 852 of
2277 805 2336 863 84

354 895 492 943 years
513 896 615 929 was
636 880 689 928 in
709 895 794 929 use
816 880 869 929 in
890 881 1079 929 Britain
1102 892 1145 929 11
1170 896 1196 929 2
1218 896 1295 945 pr.
1356 881 1501 931 After
1522 882 1727 941 Naiton,
1744 882 1866 945 king
1886 883 1944 931 of
1958 883 2043 932 the
2066 883 2212 944 Picts,
2239 883 2339 934 had

263 1028 269 1032 ἱ
356 960 481 1009 been
500 976 617 1020 won
637 967 691 1011 to
713 961 796 1010 the
818 961 1015 1010 Roman
1034 977 1122 1011 use
1142 962 1209 1025 by
1232 960 1495 1011 Ceolfrid's
1517 962 1636 1026 long
1656 969 1929 1025 argument,
1943 963 2008 1012 he
2030 963 2235 1012 ordered
2256 963 2340 1011 the

256 1049 328 1087 10
357 1040 577 1090 Metonic
602 1040 684 1107 (19
704 1040 879 1105 years')
903 1042 1038 1105 cycle
1061 1049 1113 1091 to
1135 1042 1197 1091 be
1214 1042 1446 1092 followed
1469 1043 1768 1106 throughout
1797 1043 1873 1093 his
1901 1043 2181 1094 dominions
2211 1055 2250 1091 v
2277 1059 2333 1092 21

357 1117 490 1182 (end)
512 1120 692 1170 statim.
703 1121 878 1170 ..iussu
887 1120 1079 1184 publico
1098 1121 1413 1174 mittebantur
1430 1122 1501 1170 ad
1510 1123 1947 1172 transscribendum
1968 1123 2244 1172 discendum
2265 1124 2337 1171 ob·

350 1200 651 1250 seruandum
665 1208 756 1264 per
775 1201 1295 1252 uniuersasPictomm
1315 1202 1592 1265 prouincias
1609 1203 1824 1252 circuli
1855 1203 2110 1266 paschae
2130 1203 2339 1253 decen-

353 1277 621 1337 noualeS,
656 1279 935 1328 ,oblitteratis
954 1287 1050 1342 per
1073 1279 1241 1330 omnia
1270 1280 1480 1330 erroneis
1509 1281 1741 1343 octoginta
1769 1287 1814 1330 et
1838 1287 2068 1344 quaduor
2090 1296 2339 1330 annonem

353 1355 560 1404 circulis.
580 1355 634 1404 cf
640 1356 743 1405 ibid
760 1372 794 1420 p
813 1373 907 1418 214
927 1373 983 1418 14
999 1358 1051 1409 S.
1104 1359 1198 1412 See
1213 1360 1351 1408 Beda
1367 1360 1429 1409 de
1443 1359 1745 1423 temporibus
1763 1374 1783 1408 1
1794 1374 1815 1408 ι
1839 1360 1956 1419 (and
1977 1360 2041 1410 de
2061 1367 2340 1425 temporum

258 1442 324 1501 15
356 1435 543 1485 ratione
565 1434 644 1498 44)
677 1437 762 1485 ‘de
784 1438 966 1490 circulo
987 1436 1343 1492 decennouali.'
1408 1439 1558 1490 DCA
1583 1450 1604 1488 1
1630 1451 1834 1503 592—5.

452 1512 493 1564 P
518 1513 590 1572 75
626 1526 654 1574 3
686 1525 1086 1565 AEGYPTIORVM
1110 1515 1169 1565 of
1182 1517 1268 1566 the
1291 1516 1627 1568 Alexandrian
1648 1519 1830 1569 ehurch
1851 1518 1904 1568 cf
1918 1534 1954 1567 n
1976 1535 2043 1569 on
2062 1518 2083 1567 1
2110 1535 2187 1568 21.

484 1632 521 1657 „
594 1598 624 1645 8
656 1607 920 1645 corvum
941 1612 975 1660 p
1003 1597 1103 1658 741
1127 1612 1204 1647 22.

483 1711 521 1736 „
596 1692 654 1726 12
688 1687 749 1726 m
773 1688 1001 1726 Nouum
1023 1677 1191 1727 Matth
1210 1677 1279 1726 vii
1304 1693 1381 1729 22.

286 1783 311 1794 -
482 1791 520 1816 ,‚
597 1768 652 1819 ¹7
687 1769 1076 1808 smruchA‘rn
1111 1769 1347 1807 Rvs‘rmA
1383 1758 1469 1809 the
1510 1773 1646 1809 same
1689 1758 2084 1823 condescending
2127 1764 2244 1809 tone
2287 1757 2340 1807 in

254 1844 330 1884 20
360 1834 499 1887 Beda
519 1834 719 1887 himself
736 1851 770 1900 p
795 1849 856 1898 23
878 1834 898 1885 l
919 1853 965 1898 4„

431 1964 436 1968 .
483 1950 521 1975 „
593 1930 649 1965 21
687 1924 1029 1965 CATHOLICVS
1051 1926 1091 1963 v
1118 1930 1176 1980 19
1201 1913 1253 1981 (p
1278 1915 1374 1966 206
1400 1933 1458 1979 14
1482 1916 1538 1976 S)
1562 1916 1783 1981 pascha
1803 1916 2190 1968 catholicum.
2214 1930 2253 1967 v
2277 1934 2334 1969 21

354 2011 415 2059 pr
453 1994 814 2045 catholicum
852 1994 1118 2045 dominicae
1152 1997 1513 2045 resurrectum}
1543 2004 1745 2061 tempus.
1812 2008 2172 2047 CALCVLATOR
2204 2010 2243 2046 v
2275 2012 2335 2046 21

357 2077 411 2140 (p
440 2091 534 2138 214
568 2088 629 2125 22
661 2074 716 2135 S)
756 2074 972 2135 Cyrillus
1003 2074 1168 2123 seriem
1203 2091 1298 2123 xcv
1334 2089 1586 2122 annorum
1614 2075 1672 2123 in
1708 2073 1922 2139 quinque
1949 2075 2341 2124 decennoualibus

353 2154 547 2207 circulis
587 2155 966 2218 comprehendit:
1006 2160 1119 2219 post
1149 2169 1290 2218 quem
1328 2152 1593 2216 Dionysius
1625 2154 1859 2217 Exiguus
1895 2155 2085 2205 totidem
2122 2155 2242 2205 alios
2282 2172 2342 2206 ex

254 2244 284 2282 2
294 2241 326 2301 5
354 2235 525 2285 ordine
528 2235 657 2298 pari
668 2234 901 2284 schemate
916 2233 1185 2292 subnexuit,
1212 2232 1301 2295 qui
1318 2231 1389 2279 ad
1404 2237 1570 2280 nostra
1593 2247 1739 2294 usque
1756 2238 1967 2296 tempora
1988 2234 2334 2296 pertingebant.
2412 2221 2417 2225 ⁴

354 2314 526 2378 quibus
555 2314 760 2364 termino
789 2312 1296 2378 adpropinquantibus.
1318 2318 1459 2360 tanta
1489 2311 1626 2360 hodie
1653 2312 2089 2361 calculatorum
2119 2313 2344 2362 exuberat

353 2394 500 2457 copia,
527 2400 587 2442 ut
603 2396 747 2444 diam
769 2394 825 2443 in
847 2393 1025 2442 nostris
1032 2400 1131 2457 per
1145 2393 1455 2442 Brittaniam
1477 2392 1677 2452 ecclesias
1679 2393 1849 2455 plures
1867 2391 1973 2440 sint
1988 2391 2078 2456 qui
2094 2392 2342 2442 mandatis

355 2477 608 2525 memoriae
625 2475 857 2525 ueteribus
876 2473 977 2523 illis
995 2475 1342 2537 Aegyptiorum
1361 2473 1662 2537 argumentis
1664 2474 1910 2538 facillime
1922 2471 2113 2537 possint
2130 2470 2187 2519 in
2207 2477 2337 2536 quot·

353 2555 462 2605 libet
479 2555 635 2618 spatia
657 2560 919 2618 temporum
934 2553 1180 2616 paschales
1189 2552 1470 2616 protendere
1480 2551 1691 2602 circulos.

254 2642 329 2697 30
484 2667 520 2693 „
591 2648 654 2694 24
686 2643 836 2681 snms
858 2642 1228 2684 Arosroucu:
1247 2647 1283 2695 p
1311 2644 1366 2694 72
1390 2630 1466 2681 16
1486 2648 1534 2681 n.

483 2747 519 2772 ‚,
592 2724 651 2774 25
684 2724 1050 2763 vmvnRsAus
1072 2724 1370 2763 ECCLESIAE
1389 2729 1424 2777 p
1450 2724 1507 2776 72
1531 2712 1550 2761 1
1579 2728 1631 2762 11
1657 2728 1706 2762 n.

483 2827 520 2852 ,‚
591 2808 655 2856 30
685 2804 1018 2840 vavrmvs
1038 2808 1074 2856 p
1097 2807 1155 2841 21
1181 2792 1252 2855 14
1272 2808 1324 2842 n.

482 2908 519 2933 ‚,
592 2886 650 2934 32
685 2884 761 2922 Tv
784 2884 844 2922 Es
869 2873 1034 2922 Matth
1055 2872 1138 2921 xvi
1166 2875 1238 2923 18.

452 2955 492 3003 P
515 2954 590 3012 ¹76
623 2966 782 3015 4—15
818 2964 930 3001 REX
953 2958 1030 3003 oet
1051 2951 1242 3001 Eddius
1277 2966 1338 3000 10
1358 2954 1476 3001 tunc
1502 2951 1668 3001 Oswiu
1689 2966 1789 3010 rex,
1818 2955 1993 2999 tacente
2018 2954 2182 2997 sancto
2222 2948 2338 2996 Wl-

251 3048 285 3111 3
291 3046 323 3106 5
338 3033 483 3098 frido
509 3033 794 3097 presbytero,
829 3033 1080 3082 subradens
1114 3031 1440 3095 interrogauit
1471 3046 1633 3080 omnes
1666 3030 1853 3080 dicens:
1888 3030 1902 3056 ‘
1917 3028 2163 3077 enuntiate
2197 3027 2335 3086 mihi,

353 3121 547 3163 utrum
587 3113 775 3164 maior
817 3120 906 3163 est
951 3111 1310 3161 Columcille
1352 3125 1425 3159 an
1469 3110 1678 3160 Petrus
1712 3107 2026 3173 apostolus
2063 3106 2123 3154 in
2159 3120 2344 3169 regno

351 3189 705 3243 caelorum?'
727 3191 886 3240 omnis
904 3190 1112 3254 synodus
1132 3205 1237 3237 una
1259 3205 1370 3238 uoce
1385 3195 1431 3238 et
1448 3205 1675 3238 consensu
1695 3187 1963 3251 respondit:
1991 3185 2098 3234 ‘hoc
2117 3184 2343 3233 dominus

352 3276 640 3327 diitcduauit
657 3274 747 3339 qui
763 3273 920 3323 dixit:
941 3279 994 3322 tu
1017 3286 1069 3320 es
1092 3270 1264 3319 Petrus
1286 3275 1365 3318 cet
1385 3267 1574 3332 tibique
1594 3265 1736 3316 trado
1753 3265 1915 3314 olaues
1936 3262 2072 3327 regni
2094 3261 2341 3311 caelorum

353 3354 467 3405 cet.’
490 3356 664 3404 iterum
686 3369 773 3403 rex
792 3351 1026 3416 sapienter
1045 3349 1203 3399 dixit:
1243 3348 1376 3398 ‘ille
1406 3352 1495 3398 est
1517 3344 1800 3397 ostiarius
1822 3350 1878 3394 et
1901 3339 2338 3395 clauiculariuS,

1989 3463 2175 3518 18—2
