2567 3750
238 179 355 251 380
847 190 1317 242 MISSJONARY
1358 190 1447 241 To
1454 190 1601 241 URS.
2096 171 2217 255 [IV

237 335 273 370 Α
291 333 329 369 D
355 320 446 387 769
468 338 496 371 c
522 333 565 385 7.
600 330 637 370 A
655 333 694 370 D
720 321 810 384 789
834 337 862 371 c
885 324 950 382 4).
980 380 981 383 Ἴ
1020 335 1113 387 299
1138 322 1377 386 Agobard
1398 324 1497 387 abp
1518 322 1576 372 of
1593 323 1736 385 Lyon
1760 323 1879 386 †841
1912 321 2067 373 ‘liber
2096 337 2214 372 con·

237 409 312 452 tra
344 402 578 451 insulsam
621 403 756 467 uulgi
793 402 1077 466 opinionem
1109 404 1172 453 de
1205 404 1444 467 grandine
1487 411 1537 454 et
1571 403 1797 453 tonitruis
1841 419 1869 453 c
1906 401 1983 452 11.’
2048 402 2217 466 Siegel

239 484 428 532 Handb
451 485 484 535 d
506 484 664 532 kirchl
683 472 1022 534 Alterthiimer
1045 485 1219 548 (Leipz
1246 482 1387 546 1836)
1418 484 1711 534 ‘Amulete’.
1762 484 1912 533 DCA
1939 482 2215 532 ‘amulets’0

238 563 450 627 Relapse
482 565 587 613 into
620 566 831 628 idolatry
861 563 913 612 in
944 564 1063 613 time
1091 565 1150 613 of
1174 565 1367 614 trouble
1398 565 1535 613 Beda
1553 565 1591 612 h
1613 581 1640 614 e
1663 576 1729 612 111
1755 579 1829 625 30.
1870 579 1927 612 so
1948 563 2001 611 in
2022 562 2215 612 Tertul-

234 644 375 694 lian's
408 646 527 695 time
558 646 657 694 and
689 645 810 694 later
840 645 907 694 all
940 645 1107 709 public
1137 645 1405 694 calamities
1433 661 1561 695 were
1588 652 1664 694 set
1687 646 1838 694 down
1868 651 1921 693 to
1943 643 2029 693 the
2051 642 2216 692 Chris·
2288 653 2326 714 5

234 725 376 774 tians.
447 726 636 776 Sharon
660 727 849 775 Tumer
869 727 956 776 AS
979 726 1049 775 bk
1071 738 1154 775 v11
1178 742 1205 774 c
1232 741 1303 788 13.

331 807 372 855 P
396 806 499 864 151
527 821 586 869 27
610 819 988 863 VTRORVMQVE
1020 808 1039 856 l
1064 823 1119 856 21
1146 808 1307 856 multi.
1339 806 1359 855 1
1381 821 1442 855 22
1466 805 1638 870 aliqui.

361 922 398 948 ‚‚
472 888 533 936 28
566 900 640 935 DE
663 899 1020 937 MoNAs‘rEmo
1043 899 1309 937 EGREssvs
1332 904 1367 952 p
1390 903 1451 952 49
1473 887 1493 936 1
1514 885 1562 937 6.
1632 885 1851 951 Lingard
1871 897 1894 935 1
1922 900 2027 949 142.

363 999 399 1027 „
473 981 533 1031 29
567 979 736 1015 PEDES
759 982 793 1030 p
818 968 970 1029 2717
993 983 1041 1016 ιι.

362 1080 399 1107 ,,
473 1063 529 1110 31
568 1060 712 1096 ERAT
745 1060 915 1097 Molus
939 1065 984 1119 ¹a
1022 1049 1241 1098 classical
1278 1048 1622 1099 construction.
1707 1049 1808 1097 For
1840 1048 1925 1097 the
1956 1061 2218 1096 reverence
2256 1058 2331 1096 10

235 1125 354 1190 paid
391 1134 443 1176 to
480 1128 805 1177 missionaries
843 1130 898 1178 cf
930 1146 964 1194 p
1007 1130 1065 1190 78
1098 1130 1117 1178 1
1156 1146 1229 1179 12.
1283 1131 1388 1179 uita
1423 1131 1590 1180 Cuthb
1631 1128 1690 1179 16
1716 1132 1743 1189 ἓ
1767 1144 1826 1190 25
1850 1129 2223 1192 circumquaque

237 1215 501 1258 morantem
545 1210 691 1273 uulgi
720 1211 1080 1260 multn‘uclc'nem
1121 1228 1250 1260 more
1279 1228 1368 1260 suo
1401 1212 1564 1261 crebra
1600 1208 1875 1260 uisitatione
1908 1210 1980 1258 ad
2007 1209 2220 1257 caelestia

234 1289 505 1353 quaerenda
524 1297 568 1338 et
578 1292 908 1353 promouenda
927 1293 1236 1342 succendebat.

332 1369 373 1418 P
395 1369 503 1427 152
529 1385 554 1418 2
583 1385 610 1432 3
634 1383 921 1421 AVDIRENT
953 1385 1250 1422 OPERANDO
1283 1385 1682 1431 SEQVERENTVR
1700 1388 1737 1437 p
1761 1383 1820 1435 27
1842 1370 1913 1421 12
1937 1387 1992 1423 ιι.

363 1484 400 1512 ,,
476 1463 502 1515 7
536 1464 895 1502 conm‘mNDo
920 1452 1136 1516 Lingard
1160 1465 1180 1501 1
1206 1468 1314 1516 303.
1428 1482 1444 1500 2
2254 1451 2325 1509 15

365 1563 402 1592 ,‚
473 1546 504 1597 9
538 1544 953 1581 ΡΟΕΝῙΊῈΝΤῙΑΕ
974 1547 1042 1595 pp
1068 1544 1337 1595 347—349.

364 1644 400 1672 ‚,
478 1628 530 1662 11
558 1625 620 1661 IN
655 1624 858 1661 ARDV1s
891 1624 1225 1669 ASPERISQVE
1259 1625 1543 1661 MONvas
1575 1612 1627 1662 in
1657 1611 1735 1661 his
1767 1626 1831 1675 ep
1856 1612 1922 1660 ad
1943 1609 2085 1673 Ecgb
2106 1626 2137 1669 4
2159 1625 2223 1672 pr

237 1689 375 1739 Beda
396 1690 602 1738 laments
624 1691 707 1739 the
727 1691 882 1752 decay
903 1691 960 1739 of
975 1692 1264 1755 missionary
1280 1692 1383 1741 zeal
1404 1692 1591 1740 attende
1607 1692 1730 1756 quid
1736 1689 2026 1755 grauissimi
2041 1688 2223 1737 sceleris·

237 1770 318 1818 illi
349 1772 671 1819 commiserint
704 1772 793 1834 qui
822 1778 866 1820 et
899 1778 1088 1821 terrena
1120 1775 1181 1822 ab
1217 1774 1515 1822 auditoribus
1543 1774 1649 1822 suis
1683 1774 1823 1821 lucra
1865 1769 2223 1834 dilzgentzksime

239 1851 478 1915 requirere
510 1856 556 1900 et
582 1859 675 1915 pro
705 1868 866 1901 eorum
892 1853 1046 1902 salute
1073 1861 1264 1903 aeterna
1297 1854 1433 1904 nihil
1463 1855 1661 1904 omnino
1689 1852 2013 1917 praedicando
2044 1851 2125 1900 uel
2140 1865 2218 1899 ex·
2252 1859 2330 1897 20

241 1930 477 1978 hortando
510 1933 591 1980 uel
630 1933 918 1995 increpando
957 1934 1135 1982 laboris
1175 1935 1431 1998 inpendere
1469 1936 1778 1984 contendunt.
1844 1932 2042 1983 sollicite
2080 1937 2224 1995 atque

239 2010 502 2059 intentione
539 2012 741 2072 cun’osa,
781 2015 976 2063 antistes
1007 2016 1317 2077 dilectissime,
1352 2017 1603 2079 perpende.
1668 2016 1952 2065 audiuimus
1992 2014 2139 2072 enim,
2176 2019 2224 2061 et

223 2091 375 2155 fama
393 2099 475 2149 est,
498 2093 616 2156 quia
653 2093 872 2142 multae
903 2095 1085 2143 uillae
1117 2110 1182 2144 ac
1213 2095 1398 2145 uiculi
1429 2103 1665 2145 nostrae
1696 2095 1892 2159 gentis
1923 2094 1982 2142 in
2011 2092 2221 2141 monti-

238 2174 343 2222 bus
375 2173 493 2222 sint
524 2173 845 2225 inaccessis
876 2192 940 2226 ac
972 2177 1225 2226 saltibus
1257 2169 1521 2227 dumosis
1553 2177 1751 2242 positi,
1779 2176 1880 2226 ubi
1911 2188 2219 2236 numquam

239 2255 440 2304 multis
492 2259 932 2308 transeuntibus
979 2259 1147 2308 annis
1197 2259 1276 2309 sit
1323 2261 1484 2309 uisus
1532 2260 1795 2317 antistes,
1846 2256 1944 2321 qui
1995 2254 2219 2304 ibidem
2254 2260 2325 2317 25

239 2333 468 2397 aliquid
512 2336 831 2386 ministerii
874 2346 971 2388 aut
1013 2340 1242 2402 gratiae
1277 2339 1557 2388 caelestis
1589 2337 1939 2387 exhibuerit.
2008 2350 2219 2399 quorum

238 2420 399 2462 tamen
420 2431 501 2464 nec
520 2432 654 2464 unus
673 2418 860 2480 quidem
882 2434 914 2466 a
935 2420 1127 2467 tributis·
1145 2420 1357 2468 anth-titi
1375 2420 1622 2468 reddendis·
1650 2434 1743 2467 esse
1763 2416 1917 2481 possit
1947 2414 2188 2464 immunis
2194 2429 2219 2473 ,⁶

238 2506 343 2541 nec
374 2493 560 2541 solum
593 2495 811 2545 talibus
844 2496 994 2545 locis
1026 2497 1179 2546 desit
1207 2498 1457 2557 antistes
1491 2497 1588 2561 qui
1620 2513 1821 2546 manus
1854 2495 2219 2559 inpositione

236 2570 576 2633 baptizatos
610 2572 935 2630 confirmet,
970 2588 1171 2621 uerum
1205 2575 1382 2623 etiam
1414 2575 1603 2624 omnis
1635 2575 1845 2623 doctor
1866 2575 1966 2638 qui
1998 2589 2089 2623 eos
2119 2573 2219 2621 uel

236 2648 382 2698 fidei
424 2650 738 2699 ueritatem
782 2652 876 2700 uel
919 2652 1342 2701 discretionem
1386 2654 1576 2703 bonae
1620 2669 1686 2702 ac
1729 2654 1919 2702 malae
1964 2651 2218 2701 actionis
2248 2672 2329 2726 30

237 2733 487 2782 edoceat
518 2730 690 2779 absit.
756 2731 859 2778 uita
883 2731 1048 2779 Cuthb
1071 2745 1130 2792 3²
1155 2746 1214 2794 pr
1243 2732 1450 2795 quodam
1481 2748 1663 2795 quoque
1691 2738 1896 2794 tempore
1926 2731 2044 2779 dum
2077 2745 2217 2777 sanc-

237 2811 453 2859 tissimus
467 2808 628 2872 gregis
647 2808 879 2856 dominici
900 2815 1073 2870 pastor
1103 2825 1195 2856 sua
1226 2810 1483 2857 lustrando
1511 2811 1733 2859 circuiret
1765 2811 1929 2870 ouilia,
1975 2809 2218 2860 deuenit

237 2889 298 2938 in
328 2895 605 2937 montana
640 2894 699 2935 et
730 2886 987 2950 agrestia
1028 2887 1170 2946 loca,
1210 2888 1313 2936 ubi
1356 2889 1528 2937 multi
1571 2896 1738 2938 erant
1781 2889 1852 2937 de
1893 2888 2217 2950 circumpo-

234 2967 368 3017 sitis
399 2967 521 3015 late
552 2967 784 3015 uillulis
816 2966 1175 3030 congregati,
1219 2967 1433 3031 quibus
1466 2983 1667 3016 manus
1699 2973 1826 3016 erat
1858 2965 2211 3029 inponenda.

234 3063 318 3097 nec
336 3054 498 3095 tamen
519 3046 577 3093 in
599 3046 835 3093 montibus
853 3046 1034 3094 ecclesia
1067 3047 1145 3094 uel
1171 3047 1300 3095 locus
1330 3047 1550 3095 inueniri
1570 3047 1732 3110 potuit
1764 3053 1907 3109 aptus
1939 3045 2029 3108 qui
2049 3044 2218 3107 ponti-
2250 3054 2325 3114 35

216 3126 364 3189 ficem
384 3142 495 3174 cum
517 3142 602 3173 suo
617 3128 842 3174 comitatu
868 3127 1127 3189 susciperet.
1198 3128 1499 3175 tetenderunt
1525 3143 1633 3189 ergo
1662 3126 1706 3175 ei
1735 3125 1942 3175 tentoria
1969 3125 2026 3172 in
2056 3123 2142 3172 uia
2173 3130 2223 3172 et

232 3202 377 3249 caes-225
411 3204 469 3250 de
498 3203 665 3251 meina
695 3204 824 3251 silua
855 3205 1145 3252 ramusculis·
1174 3205 1268 3253 sibi
1291 3205 1466 3268 quique
1481 3205 1790 3253 tabernacula
1809 3203 1881 3252 ad
1898 3203 2213 3262 manendum,

233 3280 402 3339 qualia
433 3288 643 3343 potuere,
681 3284 920 3345 fixerunt.
991 3284 1078 3331 ubi
1107 3284 1226 3331 dum
1261 3284 1605 3346 confluentibus
1641 3284 1713 3333 ad
1742 3300 1793 3333 se
1832 3283 1986 3332 turbis
2027 3283 2115 3331 uir
2143 3283 2224 3331 dei

237 3356 437 3405 uerbum
478 3360 620 3408 biduo
648 3363 950 3425 praedicaret
988 3378 1045 3411 ac
1083 3363 1286 3427 spiritus
1315 3364 1478 3414 sancti
1496 3363 1716 3428 gratiam
1748 3371 1908 3429 nuper
1935 3360 2221 3430 regeneratis
