2567 3750
267 17 378 70 104
822 9 976 56 DEA
990 7 1090 55 TH
1135 8 1230 56 OF
1261 5 1666 55 ECGBERCT.
2104 0 2218 74 [IV

256 158 489 207 nostrae
516 145 718 204 Titillo
746 143 971 203 notario
1001 144 1369 203 scribendam
1399 143 1628 202 dictaui.
1711 154 1908 203 actum
1934 143 1995 203 in
2023 140 2223 204 mense

258 256 318 302 et
364 242 686 301 indictione
739 259 911 316 supra
965 239 1191 315 scripta.
1276 239 1540 315 quisquis
1592 239 1763 316 igitur
1814 252 2020 300 contra
2071 243 2225 300 hanc

260 338 623 410 sententiam,
648 337 808 395 iuxta
828 337 1062 396 decreta
1089 356 1384 396 canonum
1412 348 1610 396 nostra
1636 337 1809 397 etiam
1839 338 2224 398 consensione

257 455 327 493 ac
355 433 777 509 subscriptione
809 452 1016 491 manus
1052 444 1286 492 nostrae
1324 435 1739 506 confirmatam,
1778 452 2019 509 quoquo
2046 436 2226 494 modo

259 529 458 590 uenire
502 547 750 604 eamque
793 528 1101 604 infringere
1157 529 1502 599 temtauerit,
1551 529 1777 588 nouerit
1831 549 1894 588 se
1940 532 2017 589 ab
2065 531 2226 590 omni
2296 542 2327 601 5

259 627 452 688 officio
508 625 854 686 sacerdotali
898 636 958 685 et
1003 635 1201 684 nostra
1254 624 1534 684 societate
1582 636 1930 700 separatum.
2030 626 2229 685 diuina

263 742 367 781 nos
410 721 594 798 gratia
636 721 696 779 in
739 721 962 780 unitate
1005 731 1241 779 sanctae
1285 739 1425 779 suae
1467 720 1747 779 ecclesiae
1793 719 2061 780 uiuentes
2104 740 2230 779 cus—

261 820 449 879 todiat
477 818 835 878 incolumes)

267 944 600 1068 FACTA
647 955 735 1003 est
782 953 976 1001 autem
1018 944 1166 1002 haec
1210 945 1467 1020 synodus
1511 963 1669 1004 anno
1712 946 1787 1003 ab
1830 943 2230 1003 incarnatione

419 1039 644 1099 domini
685 1038 1044 1110 dclxxtertio,
1094 1057 1213 1113 quo
1256 1058 1415 1098 anno
1457 1060 1559 1099 rex
1596 1041 2042 1100 Cantuariorurn
2087 1044 2230 1117 Ecg·
2264 1055 2335 1092 10

260 1136 422 1195 berct
474 1152 677 1193 mense
733 1133 886 1192 Iulio
941 1133 1179 1205 obierat,
1242 1135 1594 1194 succedente
1647 1135 1708 1193 in
1761 1155 2005 1211 regnum
2059 1139 2229 1195 fratre

263 1234 555 1291 Hlothere
598 1232 761 1306 quod
804 1230 930 1306 ipse
972 1250 1158 1290 annos
1202 1229 1261 1289 xi
1304 1242 1363 1290 et
1406 1250 1636 1291 menses
1682 1231 1762 1290 uii
1806 1232 2008 1292 tenuit.
2111 1232 2231 1291 Bisi

260 1338 457 1386 autem
512 1327 822 1403 episcopus
878 1325 1262 1386 Orientalium
1305 1327 1647 1402 Anglorum,
1702 1326 1802 1402 qui
1857 1325 1919 1384 in
1948 1326 2231 1408 'praefata

261 1420 490 1496 synodo
516 1419 691 1479 fuisse
718 1419 1068 1495 perhibetur,
1098 1420 1223 1496 ipse
1261 1431 1381 1480 erat
1416 1440 1713 1480 successor
1744 1421 2036 1494 Bonifatii,
2066 1421 2232 1480 cuius

263 1535 441 1595 supra
464 1515 851 1586 meminimus,
891 1516 980 1573 uir
1015 1517 1232 1574 multae
1271 1515 1590 1574 sanctitatis
1620 1526 1676 1574 et
1702 1515 2009 1591 religionis,
2092 1535 2230 1574 nam
2263 1529 2332 1587 15

265 1611 556 1670 Bonifatio
608 1625 743 1686 post
789 1630 828 1667 x
882 1621 940 1669 et
994 1610 1076 1668 uii
1131 1610 1499 1685 episcopatus
1554 1609 1641 1668 sui
1696 1629 1881 1669 annos
1935 1612 2229 1683 defuncte,

265 1707 572 1783 episcopus
601 1707 726 1783 ipse
753 1725 860 1782 pro
889 1725 978 1777 eo,
1009 1707 1327 1764 Theodoro
1356 1706 1679 1775 ordinante,
1708 1708 1893 1764 factus
1926 1717 2028 1764 est.
2114 1726 2233 1782 quo

263 1805 459 1862 adhuc
486 1802 789 1880 superstite
817 1803 922 1860 sed
949 1800 1285 1877 grauissima
1312 1800 1641 1861 infirmitate
1670 1803 1744 1861 ab
1771 1801 2232 1862 administrando
2535 1794 2557 1884 ἢ

265 1901 604 1977 episcopatu
642 1898 955 1976 prohibito,
996 1898 1116 1957 duo
1158 1908 1293 1957 sunt
1328 1917 1434 1974 pro
1471 1898 1589 1968 illo,
1628 1899 1810 1958 Aecci
1838 1910 1897 1958 et
1925 1898 2230 1970 Baduuini,

266 2000 436 2060 electi
464 2009 523 2058 et
550 1996 871 2057 consecrati
909 1994 1203 2072 episcopi:
1244 2013 1318 2054 ex
1345 2014 1464 2070 quo
1500 2014 1683 2070 usque
1720 1994 1897 2053 hodie
1933 1994 2232 2070 prouincia
2255 2010 2328 2048 20

265 2098 364 2156 illa
390 2098 538 2156 duos
564 2094 781 2153 habere
808 2093 957 2151 solet
986 2078 1309 2167 episcopos.

1241 2233 1332 2290 VI

276 2350 396 2477 N
414 2350 530 2410 ΟΝ
558 2348 744 2407 multo
769 2355 905 2423 post
931 2347 1079 2404 haec
1105 2347 1306 2421 elapso
1333 2354 1595 2421 tempore
1623 2346 1877 2404 offensus
1897 2343 2234 2421 aVynsrido

454 2442 808 2504 Merciorum
858 2440 1137 2517 episcopo
1183 2458 1290 2515 per
1329 2438 1598 2498 meritum
1646 2436 1950 2497 cuiusdam
1996 2437 2236 2497 inoboe-

269 2541 524 2602 dientiae
551 2539 899 2599 Theodorus
926 2536 1418 2611 archiepiscopus5
1454 2536 1725 2611 deposuit
1753 2554 1888 2593 eurn
1915 2536 1991 2594 de
2019 2534 2237 2611 episco-
2266 2549 2337 2609 25

267 2648 408 2715 patu
436 2647 570 2713 post
601 2652 789 2694 annos
820 2632 1048 2709 accepti
1085 2632 1452 2707 episcopatus
1489 2650 1611 2690 non
1643 2632 1873 2702 multOS,
1914 2641 1974 2689 et
2006 2629 2068 2689 in
2104 2632 2237 2690 loco

271 2732 392 2792 eius
436 2731 728 2791 ordinauit
772 2728 1117 2805 episcopum
1163 2727 1517 2797 Sexuulfum,
1562 2725 1665 2800 qui
1711 2736 1833 2785 erat
1877 2735 2240 2784 constructor

271 2838 330 2888 et
356 2829 539 2887 abbas
565 2825 900 2886 monasterii
936 2824 1098 2899 quod
1134 2822 1344 2881 dicitur
1381 2820 1882 2880 Medeshamstedi
1915 2820 1975 2879 in
2002 2819 2239 2896 regione

272 2924 633 3001 Gyruiorum.
718 2921 1019 2997 depositus
1054 2936 1196 2977 uero
1224 2916 1470 2993 Vynfrid
1503 2916 1675 2976 rediit
1709 2918 1787 2975 ad
1823 2916 2239 2975 monasterium

273 3039 444 3078 suum
491 3018 652 3095 quod
695 3016 906 3077 dicitur
931 3015 1242 3086 Adbaruae,
1282 3013 1482 3089 ibique
1521 3012 1581 3070 in
1623 3012 1846 3088 optima
1881 3012 2062 3069 uitam
2103 3029 2237 3068 con·
2268 3032 2346 3089 30

272 3116 597 3177 uersatione
622 3112 823 3172 finiuit.

865 3213 908 3246 ¹⁸
921 3215 1147 3279 praefato
1166 3229 1257 3262 ms.
1295 3213 1527 3276 praefata
1552 3210 1629 3261 (ΣΙ.

1817 3437 1824 3446 ι
2555 3441 2556 3444 ,
