2567 3750
332 40 459 119 (29)
479 70 523 90 =
543 38 641 122 27]
665 57 793 143 [με
811 59 968 108 DEA
979 59 1092 110 ΤΗ.
1136 60 1554 112 EADBERCT
1575 52 1960 115 sUc'cEEDs
1983 67 2149 119 ΨΜ.
2185 73 2208 110 ι
2217 67 2292 130 57

325 187 629 264 fragilitate
683 186 922 264 deliqui,
970 206 1159 264 aeque
1205 189 1278 246 ad
1325 198 1462 248 tuae
1506 191 1823 251 uoluntatis
1869 213 2115 254 examen
2157 214 2296 255 mox

325 283 638 342 emendare
692 282 926 340 curaui!
1032 281 1298 342 incubuit
1364 284 1633 360 precibus
1686 289 1930 348 antistes
1982 290 2296 366 statimque

262 406 265 409 “
324 374 568 435 edoctus
621 374 682 434 in
735 375 938 452 spiritu
989 375 1310 452 inpetrasse
1365 397 1429 438 se
1483 382 1644 455 quod
1687 384 1926 457 petebat
1972 403 2008 442 a
2050 385 2295 445 domino

327 473 341 501 ‘
364 489 532 546 surge
549 470 797 547 '-inquit,
832 473 1036 530 ‘frater
1061 471 1159 544 mi,
1191 481 1249 531 et
1280 473 1405 532 noli
1441 477 1685 550 plorare,
1714 477 1818 536 sed
1854 478 2069 554 gaudio
2103 481 2295 556 gaude

266 587 296 646 5
325 566 461 644 quia
487 568 652 641 quod
677 566 1008 643 rogauimus
1035 586 1286 643 superna
1315 569 1486 629 nobis
1514 572 1826 632 clementia
1852 575 2133 635 donauit!

444 662 629 723 Cuius
663 663 932 739 promissi
980 673 1039 723 et
1073 663 1415 740 prophetiae
1451 666 1756 728 ueritatem
1804 689 2057 746 sequens
2103 690 2294 732 rerum

321 759 564 818 astruxit
609 769 893 833 euentus3
948 760 1087 836 quia
1128 772 1187 820 et
1229 760 1619 838 digredientes
1658 765 1735 824 ab
1771 764 2024 826 inuicem
2066 787 2189 827 non
2230 789 2293 828 se

320 856 471 912 ultra
508 855 883 930 corporaliter
912 854 1201 929 uiderunt,
1248 868 1309 915 et
1347 876 1470 917 uno
1512 860 1842 935 eodemque
1884 861 1997 934 die,
2042 863 2159 923 hoc
2176 872 2187 882 “
2205 879 2295 922 est

320 950 444 1013 xiiio
490 952 872 1010 kalendarum
916 951 1221 1028 Aprilium,
1267 953 1632 1029 egredientes
1686 974 1719 1014 e
1774 975 2017 1033 corpore
2061 957 2294 1034 spiritus

225 1075 296 1115 10
321 1067 523 1108 eorum
577 1067 718 1108 mox
768 1049 944 1108 beata
995 1048 1248 1108 inuicem
1303 1048 1531 1110 uisione
1584 1049 1882 1111 coniuncti
1925 1064 2063 1113 sunt
2114 1065 2292 1131 atque

320 1145 586 1221 angelico
633 1143 952 1206 ministerio
1004 1144 1220 1222 pariter
1274 1146 1354 1205 ad
1405 1164 1649 1222 regnum
1702 1149 1955 1208 caeleste
2014 1152 2287 1211 translati.

319 1241 426 1301 sed
468 1240 782 1300 Heriberct
822 1240 1048 1299 diutina
1093 1239 1252 1315 prius
1305 1239 1635 1301 infirmitate
1683 1242 2045 1318 decoquitur,
2089 1243 2188 1302 illa
2226 1255 2293 1303 ut

320 1336 600 1398 credibile
642 1348 731 1396 est
767 1334 1204 1411 dispensatione
1259 1335 1589 1396 dominicae
1644 1336 1875 1413 pietatis
1924 1349 2005 1411 ut,
2052 1338 2101 1399 si
2149 1338 2293 1416 quid

319 1431 513 1491 minus
555 1433 795 1493 haberet
836 1430 1025 1489 meriti
1071 1450 1108 1488 a
1147 1431 1324 1490 beato
1379 1432 1757 1505 Cuthberct0,
1827 1436 2122 1509 suppleret
2176 1436 2292 1496 hoc

220 1555 286 1614 15
317 1526 605 1602 castigans
631 1528 840 1603 longae
867 1524 1240 1602 aegritudinis
1267 1526 1462 1585 dolor:
1503 1526 1775 1602 quatinus
1802 1540 2083 1604 aequatus
2108 1529 2293 1607 gratia

318 1643 428 1685 suo
468 1623 849 1697 intercessori,
876 1622 1025 1682 sicut
1065 1641 1186 1682 uno
1231 1624 1563 1699 eodemque
1611 1634 1875 1700 tempore
1920 1645 2056 1684 cum
2096 1645 2170 1685 eo
2215 1626 2290 1685 de

318 1740 562 1797 corpore
590 1719 786 1797 egredi
811 1719 894 1780 ita
908 1719 1086 1779 etiam
1113 1738 1233 1779 una
1257 1730 1434 1796 atque
1461 1719 1791 1780 indissimili
1809 1723 1946 1782 sede
1972 1733 2291 1800 perpetuae

316 1814 694 1878 beatitudinis
721 1814 1025 1875 meruisset
1051 1813 1247 1891 recipi.

435 1911 600 1973 Obiit
651 1922 850 1971 autem
901 1922 1068 1988 pater
1132 1909 1633 1971 reuerentissimus
1700 1910 1762 1970 in
1827 1910 2018 1971 insula
2083 1915 2133 1973 F
2134 1933 2288 1987 arne,

219 2037 289 2074 20
317 2008 575 2066 multum·
594 2006 937 2082 deprecatus
963 2006 1163 2065 fratres
1192 2016 1254 2065 ut
1279 2004 1364 2065 ibi
1391 2024 1631 2081 quoque
1660 2004 1999 2081 sepeliretur
2025 2008 2127 2067 ubi
2167 2027 2290 2069 non

312 2123 496 2180 paruo
550 2085 814 2179 tempore
866 2122 974 2179 pro
1029 2101 1274 2161 domino
1333 2101 1620 2160 militarat.
1723 2112 1981 2164 attamen
2049 2105 2288 2165 tandem

315 2218 517 2260 eorum
543 2199 813 2275 precibus
840 2198 1029 2257 uictus
1056 2217 1357 2257 assensum
1388 2196 1570 2269 dedit,
1592 2206 1659 2256 ut
1684 2197 1762 2255 ad
1789 2196 2043 2257 insulam
2065 2198 2291 2259 Lindis-

313 2297 666 2357 farnensium
719 2297 935 2356 relatus
987 2294 1049 2354 in
1119 2294 1370 2355 ecclesia
1442 2295 1845 2370 deponeretur.
1929 2296 2093 2370 quod
2146 2297 2291 2356 dum

314 2391 534 2452 factum
561 2401 732 2464 esset,
761 2389 1164 2467 episcopatum
1193 2387 1472 2449 ecclesiae
1501 2388 1652 2447 illius
1678 2407 1837 2448 anno
1870 2409 1993 2450 uno
2021 2393 2293 2453 seruabat

217 2513 245 2549 2
253 2509 284 2568 5
318 2488 663 2548 uenerabilis
710 2488 954 2547 antistes
996 2486 1225 2560 Vilfrid,
1273 2488 1468 2545 donec
1503 2485 1807 2563 eligeretur
1846 2487 1947 2568 qui
1986 2506 2093 2565 pro
2138 2489 2289 2548 Cud·

318 2586 517 2646 bercto
542 2586 784 2644 antistes
812 2583 1067 2644 ordinari
1093 2585 1351 2643 deberet.

436 2679 754 2740 Ordinatus
808 2689 897 2739 est
947 2689 1146 2738 autem
1193 2689 1329 2755 post
1375 2680 1521 2737 haec
1565 2679 1876 2752 Eadberct,
1919 2679 2010 2738 uir
2051 2679 2292 2742 scientia

317 2775 645 2837 diuinarum
689 2775 1100 2854 scripturarum
1144 2775 1318 2835 simul
1360 2787 1421 2836 et
1463 2789 1906 2854 praeceptorum
1953 2777 2290 2838 caelestium

288 2898 300 2910 ·
317 2871 689 2933 obseruantia
730 2892 802 2931 ac
845 2871 1100 2931 maxime
1144 2871 1596 2948 elimosynarum
1643 2872 1982 2949 operatione
2030 2872 2289 2951 insigniS,

213 2996 289 3052 30
317 2966 401 3028 ita
425 2978 489 3027 ut
516 2967 680 3027 iuxta
704 2969 897 3044 legem
924 2967 1198 3027 omnibus
1224 2967 1395 3027 annis
1423 2966 1714 3027 decimam
1741 2987 1864 3027 non
1894 2969 2080 3028 solum
2111 2970 2291 3045 quad-

316 3067 624 3143 rupedum,
665 3084 872 3127 uerum
914 3065 1093 3125 etiam
1146 3066 1380 3141 frugum
1432 3063 1697 3124 omniurn
1740 3077 1917 3140 atque
1961 3085 2287 3141 pomorum,

316 3181 551 3223 necnon
578 3175 637 3223 et
664 3161 1150 3223 uestimentorum
1177 3171 1404 3238 partem
1430 3159 1785 3237 pauperibus
1814 3158 1989 3219 daret.

366 3274 401 3307 *¹
419 3275 630 3340 stagill-
653 3291 747 3327 ms.
911 3272 956 3307 ²²
985 3275 1067 3324 ille
1085 3290 1146 3340 pr
1167 3289 1298 3325 man.
1451 3271 1496 3305 ¹⁸
1525 3288 1625 3337 egr·
1647 3289 1739 3324 ms-
1893 3271 1934 3305 ¹¹
1967 3280 2113 3324 -tarae
2131 3289 2220 3322 ms.
