2567 3750
301 225 332 264 2
345 203 403 279 ι]
597 223 756 273 DEA
767 223 878 273 ΤΗ
915 223 1011 273 ων
1043 223 1323 272 PENDA.
1387 222 1666 273 BJSHOP
1700 222 1970 275 DJUMA.
2201 222 2278 285 59

296 349 437 423 eius,
468 350 695 411 habens
723 371 985 412 sororem
1011 350 1194 429 ipsius
1221 349 1534 426 coniugem
1561 350 1855 411 uocabulo
1884 349 2281 428 Cyniburgam

293 445 471 504 filiam
500 447 746 505 Pendan
774 445 942 523 regis.

412 541 752 619 Baptizatus
780 553 871 603 est
897 561 1037 619 ergo
1062 561 1100 601 a
1127 541 1357 603 Finano
1385 543 1668 620 episcopo
1702 562 1837 603 cum
1874 542 2150 603 omnibus
2177 542 2281 618 qui

295 634 495 697 secum
541 649 829 699 uenerant
876 638 1193 700 comitibus
1234 660 1309 699 ac
1350 639 1633 699 militibus
1682 658 2005 716 eorumque
2048 638 2279 700 famulis

235 744 267 804 5
293 733 579 795 uniuersis
615 735 678 794 in
710 735 851 796 uico
881 736 1033 812 regis
1070 735 1297 796 inlustri
1332 735 1435 812 qui
1470 747 1716 796 uocatur
1747 736 1846 796 Ad
1882 739 2135 797 Murum.
2219 747 2281 798 et

290 938 529 1004 gentem
561 928 715 988 illius
743 940 805 989 et
832 928 1157 989 eruditione
1196 940 1255 989 et
1293 929 1415 988 uita
1451 930 1803 990 uidebantur
1838 930 2053 1003 idonei,
2090 932 2279 992 multo

290 1042 425 1081 cum
460 1022 683 1099 gaudio
718 1043 985 1097 reuersus
1025 1022 1152 1085 est.'
1216 1035 1381 1084 erant
1424 1034 1621 1083 autem
1659 1027 1977 1104 presbyteri
2007 1027 2179 1088 Cedd
2218 1037 2280 1086 et

289 1119 467 1179 Adda
501 1129 562 1179 et
599 1118 756 1178 Betti
807 1130 867 1180 et
905 1120 1140 1194 Diuma,
1187 1140 1440 1197 quorum
1474 1121 1714 1181 ultimus
1749 1121 1989 1182 natione
2022 1125 2274 1196 ScottuS‚

199 1231 267 1272 10
290 1214 468 1274 ceteri
522 1216 681 1274 fuere
736 1214 815 1273 de
868 1215 1091 1290 Anglis,
1183 1216 1363 1274 Adda
1414 1226 1611 1275 autem
1667 1226 1787 1276 erat
1841 1217 2016 1276 frater
2068 1217 2273 1290 Vttan,

287 1312 612 1389 presbyteri
655 1311 909 1372 inlustris
949 1322 1008 1372 et
1045 1311 1274 1372 abbatis
1320 1310 1657 1372 monasterii
1701 1312 1862 1388 quod
1906 1310 2151 1373 uocatur
2176 1317 2277 1375 Ad

288 1409 520 1484 Caprae
550 1409 762 1484 Caput,
805 1409 972 1467 cuius
1016 1427 1190 1484 supra
1224 1407 1612 1467 meminimus.
1696 1407 2001 1468 uenientes
2038 1426 2177 1485 ergo
2212 1407 2276 1469 in

287 1503 655 1581 prouinciam
690 1503 997 1564 memorati
1035 1504 1372 1563 sacerdotes
1400 1523 1535 1563 cum
1562 1502 1827 1580 principe
1854 1504 2277 1581 praedicabant

285 1601 535 1660 uerbum
564 1610 624 1660 et
649 1599 900 1660 libenter
925 1599 1111 1659 auditi
1148 1609 1301 1672 sunt,
1340 1599 1627 1676 multique
1655 1599 1873 1660 cotidie
1903 1611 1961 1660 et
1988 1600 2275 1661 nobilium

195 1718 257 1777 15
288 1708 348 1758 et
380 1697 746 1757 infirmorum
781 1695 1189 1757 abrenuntiata
1225 1697 1398 1756 sorde
1439 1696 1742 1757 idolatriae
1770 1696 1909 1757 fidei
1936 1708 2074 1758 sunt
2109 1699 2276 1760 fonte

286 1793 485 1853 abluti.

406 1894 540 1952 Nec
594 1889 893 1967 prohibuit
934 1891 1139 1950 Penda
1184 1909 1286 1950 rex
1329 1888 1470 1966 quin
1514 1887 1691 1948 etiam
1745 1888 1808 1947 in
1862 1908 1982 1965 sua,
2024 1890 2142 1952 hoc
2183 1902 2274 1951 est

287 1985 667 2057 Merciorum,
707 1984 946 2045 natione
983 1987 1248 2058 uerbum,
1289 1984 1338 2044 si
1377 1984 1483 2061 qui
1523 1984 1745 2044 uellent
1785 1985 2004 2058 audire,
2046 1986 2272 2064 praedi-

284 2093 528 2143 caretur.
602 2082 747 2158 quin
783 2080 978 2157 potius
1011 2082 1154 2141 odio
1188 2082 1446 2141 habebat
1483 2091 1543 2142 et
1581 2081 1947 2157 despiciebat
1979 2102 2082 2144 eos
2119 2104 2270 2161 quos

194 2209 263 2248 20
284 2178 400 2237 fide
445 2176 667 2239 Christi
720 2178 960 2237 inbutos
1008 2197 1188 2254 opera
1229 2176 1370 2237 fidei
1422 2196 1547 2236 non
1601 2176 1815 2237 habere
1865 2178 2267 2255 deprehendit,

284 2275 489 2335 dicens
531 2276 998 2335 contemnendos
1042 2294 1171 2334 esse
1214 2294 1318 2335 eos
1373 2285 1432 2334 et
1471 2273 1717 2334 miseros
1759 2274 1861 2351 qui
1903 2276 2018 2336 deo
2058 2296 2167 2338 suo
2207 2277 2271 2338 in
2355 2293 2370 2312 ‘

283 2393 460 2450 quern
500 2375 805 2433 crederent
843 2372 1125 2432 oboedire
1162 2361 1645 2431 contemnerent(
1708 2381 1921 2447 coepta
1954 2383 2090 2432 sunt
2120 2375 2270 2435 haec

279 2469 524 2530 biennio
551 2480 689 2529 ante
716 2478 967 2528 mortem
996 2466 1241 2527 Pendan
1268 2466 1435 2543 regis,
1520 2467 1651 2543 ipso
1679 2479 1876 2527 autem
1906 2468 2103 2529 occiso
2132 2489 2267 2530 cum

280 2567 470 2627 Osuiu
498 2586 604 2626 rex
644 2563 1012 2626 Christianus
1047 2582 1291 2640 regnum
1325 2564 1451 2622 eius
1489 2564 1783 2640 acciperet
1820 2575 1886 2625 ut
1922 2564 1985 2624 in
2025 2585 2271 2642 sequen-

277 2758 684 2819 sacerdotibus
713 2758 1024 2835 episcopus
1055 2756 1623 2816 Mediterraneorum
1651 2760 1978 2834 Anglorum
2006 2758 2180 2819 simul
2208 2772 2268 2822 et

277 2853 657 2927 Merciorum‚
708 2851 1009 2912 ordinatus
1053 2871 1089 2911 a
1136 2851 1366 2911 Finano
1409 2850 1709 2928 epi-scopo.
1794 2853 2059 2930 paucitas
2108 2854 2268 2917 enirn

275 2950 939 3026 sacerdotumcogebat
980 2967 1163 3007 unum
1207 2947 1527 3018 antistitem
1565 2950 1800 3009 duobus
1838 2951 2071 3027 populis
2106 2936 2268 3029 prae-

271 3044 383 3104 fici.
468 3045 577 3122 qui
630 3064 767 3104 cum
810 3063 1005 3120 pauco
1049 3045 1158 3103 sub
1214 3052 1480 3119 tempore
1534 3063 1658 3102 non
1710 3062 1962 3120 paucam
2018 3044 2265 3106 domino

179 3160 250 3218 30
272 3142 511 3218 plebem
579 3139 952 3217 adquisisset,
1015 3142 1325 3201 defunctus
1390 3151 1481 3200 est
1558 3142 1720 3216 apud
1794 3142 2264 3204 Mediterraneos

273 3240 500 3316 Anglos
535 3237 601 3298 in
634 3237 875 3315 regione
904 3257 1057 3314 quae
1084 3247 1331 3297 uocatur
1358 3237 1790 3314 Infeppingum.
1869 3240 2123 3316 suscepit
2158 3258 2266 3316 pro

273 3332 374 3398 illo
410 3334 818 3415 episcopatum
847 3336 1130 3398 Ceollach
1160 3344 1217 3395 et
1244 3332 1372 3410 ipse
1402 3336 1478 3394 de
1507 3335 1746 3396 natione
1776 3338 2124 3410 Scottorum,
2157 3333 2261 3412 qui

1033 3443 1084 3488 ‘²⁹
1114 3443 1389 3510 dispiciebat
1407 3459 1498 3496 ms,
