2567 3750
262 201 339 259 30
473 199 788 250 BJRJNUS
830 199 1127 249 CONVER
1137 200 1220 267 τε
1265 198 1418 248 THE
1470 199 1680 249 WEST
1713 200 2013 260 SAXONS.
2114 182 2241 265 [ΙΙΙ

261 326 726 401 cognominatur,
781 329 977 387 loculo
1024 327 1286 386 inclusae
1333 337 1614 402 argenteo
1656 326 1716 386 in
1761 327 2011 387 ecclesia
2056 323 2244 388 sancti

261 420 421 478 Petri
449 434 756 481 seruantur
779 441 851 481 ac
879 422 1060 498 digno
1087 443 1124 481 a
1152 422 1378 482 cunctis
1406 424 1632 482 honore
1660 433 2028 482 uenerantur.

383 517 582 577 Huius
635 519 921 578 industria
973 520 1125 596 regis
1183 522 1479 579 Derorum
1537 531 1597 579 et
1658 520 2060 581 Berniciorum
2115 540 2245 596 pro-

260 610 506 684 uinciae,
559 634 711 690 quae
760 626 1001 674 eatenus
1045 617 1124 675 ab
1167 615 1428 675 inuicem
1474 614 1910 690 discordabant,
1958 617 2020 676 in
2063 637 2245 675 unam

262 718 400 768 sunt
425 729 633 785 pacem
662 721 724 770 et
750 714 914 771 uelut
945 731 1128 770 unum
1165 711 1615 789 compaginatae
1643 713 1706 773 in
1732 715 2034 790 populum.
2124 726 2247 773 erat
2315 733 2346 792 5

260 814 461 862 autem
490 824 678 882 nepos
704 808 964 866 Aeduini
990 807 1141 883 regis
1170 827 1245 866 ex
1272 827 1472 867 sorore
1509 810 1697 882 Acha,
1736 811 2098 887 dignumque
2136 811 2246 871 fuit

152 978 161 983 .
261 913 327 960 ut
368 913 560 961 tantus
598 924 934 979 praecessor
969 908 1148 964 talem
1187 907 1435 969 haberet
1479 906 1555 965 de
1593 926 1700 968 sua
1735 906 2246 984 consanguinitate

261 1006 321 1054 et
347 994 643 1074 religionis
669 1001 948 1060 heredem
978 1011 1038 1059 et
1063 1000 1245 1075 regni.

1191 1434 1319 1491 VII

272 1601 450 1725 EO
479 1611 744 1676 tempore
771 1621 914 1677 gens
944 1600 1415 1661 Occidentalium
1448 1603 1761 1673 Saxonum,
1786 1601 1886 1678 qui
1913 1600 2244 1677 antiquitus
2280 1631 2358 1668 10

448 1699 732 1758 Geuissae
771 1711 1073 1769 uocantur,
1113 1710 1393 1774 regnante
1445 1700 1750 1776 Cynigilso
1795 1702 1976 1761 fidem
2021 1700 2244 1760 Christi

260 1795 535 1869 suscepit,
565 1794 939 1868 praedicante
968 1794 1080 1852 illis
1107 1796 1357 1853 uerbum
1397 1793 1598 1854 Birino
1638 1794 1922 1872 episcopo
1960 1795 2061 1872 qui
2100 1815 2244 1854 cum

260 1891 507 1950 consilio
571 1910 764 1966 papae
826 1891 1083 1950 Honorii
1150 1902 1395 1951 uenerat
1465 1892 1831 1965 Brittaniam,
1892 1893 2245 1970 promittens

259 1988 500 2063 quidem
531 2007 594 2046 se
622 1987 724 2046 illo
751 1999 1060 2063 praesente
1087 1986 1148 2046 in
1177 1987 1398 2048 intimis
1425 1990 1577 2048 ultra
1602 1992 1925 2065 Anglorum
1956 1990 2237 2066 partibuS‚

258 2102 380 2158 quo
421 2075 615 2142 nullus
659 2084 869 2142 doctor
906 2083 1336 2159 praecessisset,
1380 2096 1618 2143 sanctae
1659 2084 1798 2144 fidei
1840 2084 2068 2144 semina
2106 2103 2240 2145 esse
2276 2114 2353 2172 15

259 2197 608 2253 sparsurum.
692 2178 850 2236 unde
879 2187 940 2236 et
966 2177 1128 2236 iussu
1167 2178 1433 2239 eiusdem
1468 2178 1766 2254 pontificis
1799 2198 1905 2255 per
1939 2178 2239 2239 Asterium

258 2273 636 2331 Genuensem
674 2272 1019 2347 episcopum
1056 2273 1118 2331 in
1161 2274 1532 2349 episcopatus
1568 2286 1946 2334 consecratus
1988 2285 2077 2335 est
2114 2293 2241 2350 gra-

257 2372 415 2431 dum.
502 2372 606 2431 sed
652 2370 998 2429 Brittaniam
1040 2369 1392 2445 perueniens
1435 2389 1506 2429 ac
1551 2370 1807 2448 primum
1855 2370 2237 2430 Geuissorum

254 2477 493 2543 gentem
555 2465 888 2541 ingrediens
943 2484 1080 2524 cum
1136 2485 1345 2525 omnes
1399 2465 1620 2525 ibidem
1676 2465 2100 2542 paganissimos
2154 2464 2243 2524 in-

255 2562 498 2634 ueniret,
537 2562 735 2621 utilius
768 2580 897 2621 esse
933 2572 1091 2621 ratus
1129 2573 1218 2622 est
1249 2563 1333 2621 ibi
1370 2562 1569 2638 potius
1606 2566 1852 2623 uerbum
1892 2562 2236 2639 praedicare
2273 2592 2358 2633 20

254 2677 435 2733 quam
475 2660 630 2716 ultra
667 2656 1048 2733 progrediens
1090 2676 1192 2717 eos
1235 2657 1448 2733 quibus
1487 2658 1828 2734 praedicare
1868 2659 2113 2717 deberet
2150 2657 2239 2716 in-

253 2754 497 2829 quirere.

377 2851 589 2925 Itaque
618 2848 1056 2925 euangelizante
1082 2848 1185 2909 illo
1213 2848 1273 2907 in
1313 2851 1574 2926 praefata
1608 2850 1931 2926 prouincia,
1968 2869 2106 2909 cum
2130 2869 2236 2910 rex

252 2943 381 3018 ipse
408 2943 800 3003 cathecizatus
838 2945 1001 3003 fonte
1038 2943 1318 3021 baptismi
1354 2963 1491 3004 cum
1524 2965 1629 3005 sua
1664 2956 1839 3022 gente
1879 2947 2229 3019 ablueretur,

252 3037 501 3114 contigit
553 3049 697 3097 tunc
750 3040 1032 3115 temporis
1087 3039 1520 3100 sanctissimum
1565 3060 1640 3099 ac
1684 3039 2230 3100 uictoriosissimum
2267 3071 2301 3110 2
2311 3070 2348 3130 5

250 3152 449 3208 regem
488 3135 552 3192 N
556 3134 1124 3210 ordanhymbrorum
1176 3136 1508 3195 Osualdum
1552 3136 1807 3196 adfuisse
1855 3154 2110 3211 eumque
2153 3136 2231 3194 de

248 3230 484 3288 lauacro
537 3241 848 3290 exeuntem
904 3229 1232 3307 suscepisse
1298 3249 1372 3290 ac
1432 3231 1823 3308 pulcherrimo
1859 3235 2115 3307 ,prorsus
2168 3242 2231 3292 et

249 3325 365 3384 deo
415 3325 596 3401 digno
639 3325 956 3400 consorti0‚
1005 3326 1172 3386 cuius
1216 3337 1340 3387 erat
1381 3327 1564 3386 filiam
1607 3338 1953 3404 accepturus
1992 3325 2054 3386 in
2089 3344 2231 3386 con-

245 3420 459 3497 iugem,
508 3420 703 3497 ipsum
764 3421 925 3497 prius
980 3411 1239 3482 secunda
1295 3423 1674 3500 generatione
1727 3425 1848 3485 deo
1888 3424 2226 3485 dedicatum
