<?xml version="1.0" encoding="UTF-8"?>
<!DOCTYPE html PUBLIC "-//W3C//DTD XHTML 1.0 Transitional//EN"
    "http://www.w3.org/TR/xhtml1/DTD/xhtml1-transitional.dtd">
<html xmlns="http://www.w3.org/1999/xhtml" xml:lang="en" lang="en">
 <head>
  <title>
</title>
<meta http-equiv="Content-Type" content="text/html;charset=utf-8" />
  <meta name='ocr-system' content='tesseract 3.04.00' />
  <meta name='ocr-capabilities' content='ocr_page ocr_carea ocr_par ocr_line ocrx_word'/>
</head>
<body>
  <div class='ocr_page' id='page_1' title='image "./historiaeeccles01lumbgoog_0144.png"; bbox 0 0 2567 3750; ppageno 0'>
   <div class='ocr_carea' id='block_1_1' title="bbox 243 41 2267 126">
    <p class='ocr_par' dir='ltr' id='par_1_1' title="bbox 243 41 2267 126">
     <span class='ocr_line' id='line_1_1' title="bbox 243 41 2267 126; baseline 0.008 -31"><span class='ocrx_word' id='word_1_1' title='bbox 243 119 245 123; x_wconf 12' lang='lat' dir='ltr'>v</span> <span class='ocrx_word' id='word_1_2' title='bbox 294 56 321 97; x_wconf 90' lang='lat'>1</span> <span class='ocrx_word' id='word_1_3' title='bbox 335 59 403 97; x_wconf 87' lang='lat'><strong>22</strong></span> <span class='ocrx_word' id='word_1_4' title='bbox 573 55 1048 106; x_wconf 58' lang='lat' dir='ltr'><strong>comwaessozv</strong></span> <span class='ocrx_word' id='word_1_5' title='bbox 1075 56 1170 115; x_wconf 75' lang='lat' dir='ltr'><strong>OF</strong></span> <span class='ocrx_word' id='word_1_6' title='bbox 1200 42 1363 108; x_wconf 81' lang='lat' dir='ltr'><strong>T&#39;Wo</strong></span> <span class='ocrx_word' id='word_1_7' title='bbox 1390 58 1491 108; x_wconf 76' lang='lat' dir='ltr'><strong>Ro</strong></span> <span class='ocrx_word' id='word_1_8' title='bbox 1502 58 1638 109; x_wconf 75' lang='lat' dir='ltr'><strong>YAL</strong></span> <span class='ocrx_word' id='word_1_9' title='bbox 1681 58 1981 110; x_wconf 70' lang='lat' dir='ltr'><em>YOUTHS.</em></span> <span class='ocrx_word' id='word_1_10' title='bbox 2146 41 2267 126; x_wconf 85' lang='lat' dir='ltr'><strong>[IV</strong></span> 
     </span>
    </p>
   </div>
   <div class='ocr_carea' id='block_1_2' title="bbox 287 183 2378 3036">
    <p class='ocr_par' dir='ltr' id='par_1_2' title="bbox 287 183 2370 1029">
     <span class='ocr_line' id='line_1_2' title="bbox 289 183 2264 261; baseline 0.003 -19"><span class='ocrx_word' id='word_1_11' title='bbox 289 184 399 244; x_wconf 88' lang='lat' dir='ltr'><strong>tias</strong></span> <span class='ocrx_word' id='word_1_12' title='bbox 427 202 629 245; x_wconf 89' lang='lat' dir='ltr'><strong>eorum</strong></span> <span class='ocrx_word' id='word_1_13' title='bbox 661 183 763 260; x_wconf 90' lang='lat' dir='ltr'><strong>qui</strong></span> <span class='ocrx_word' id='word_1_14' title='bbox 790 184 866 244; x_wconf 90' lang='lat' dir='ltr'><strong>de</strong></span> <span class='ocrx_word' id='word_1_15' title='bbox 893 185 1104 244; x_wconf 88' lang='lat' dir='ltr'><strong>eadem</strong></span> <span class='ocrx_word' id='word_1_16' title='bbox 1139 183 1331 244; x_wconf 90' lang='lat' dir='ltr'><strong>insula</strong></span> <span class='ocrx_word' id='word_1_17' title='bbox 1367 187 1663 247; x_wconf 88' lang='lat' dir='ltr'><strong>credendo</strong></span> <span class='ocrx_word' id='word_1_18' title='bbox 1700 186 1907 248; x_wconf 88' lang='lat' dir='ltr'><strong>saluati</strong></span> <span class='ocrx_word' id='word_1_19' title='bbox 1945 200 2098 261; x_wconf 89' lang='lat' dir='ltr'><strong>sunt,</strong></span> <span class='ocrx_word' id='word_1_20' title='bbox 2143 190 2264 248; x_wconf 89' lang='lat' dir='ltr'><strong>duo</strong></span> 
     </span>
     <span class='ocr_line' id='line_1_3' title="bbox 288 278 2265 361; baseline 0.004 -24"><span class='ocrx_word' id='word_1_21' title='bbox 288 278 432 355; x_wconf 85' lang='lat' dir='ltr'><strong>regii</strong></span> <span class='ocrx_word' id='word_1_22' title='bbox 477 279 657 357; x_wconf 87' lang='lat' dir='ltr'><strong>pueri,</strong></span> <span class='ocrx_word' id='word_1_23' title='bbox 706 281 905 338; x_wconf 89' lang='lat' dir='ltr'><strong>fratres</strong></span> <span class='ocrx_word' id='word_1_24' title='bbox 946 279 1221 340; x_wconf 89' lang='lat' dir='ltr'><strong>uidelicet</strong></span> <span class='ocrx_word' id='word_1_25' title='bbox 1263 281 1507 340; x_wconf 91' lang='lat' dir='ltr'><strong>Arualdi</strong></span> <span class='ocrx_word' id='word_1_26' title='bbox 1548 282 1697 359; x_wconf 89' lang='lat' dir='ltr'><strong>regis</strong></span> <span class='ocrx_word' id='word_1_27' title='bbox 1741 282 1985 357; x_wconf 68' lang='lat' dir='ltr'><strong>insulae,&#39;</strong></span> <span class='ocrx_word' id='word_1_28' title='bbox 2027 285 2265 361; x_wconf 88' lang='lat' dir='ltr'><strong>speciali</strong></span> 
     </span>
     <span class='ocr_line' id='line_1_4' title="bbox 288 375 2265 453; baseline 0.004 -18"><span class='ocrx_word' id='word_1_29' title='bbox 288 380 426 436; x_wconf 84' lang='lat' dir='ltr'><strong>sunt</strong></span> <span class='ocrx_word' id='word_1_30' title='bbox 470 376 566 437; x_wconf 92' lang='lat' dir='ltr'><strong>dei</strong></span> <span class='ocrx_word' id='word_1_31' title='bbox 618 377 802 453; x_wconf 86' lang='lat' dir='ltr'><strong>gratia</strong></span> <span class='ocrx_word' id='word_1_32' title='bbox 853 375 1153 438; x_wconf 83' lang='lat' dir='ltr'><strong>coronati:</strong></span> <span class='ocrx_word' id='word_1_33' title='bbox 1221 376 1513 452; x_wconf 89' lang='lat' dir='ltr'><strong>siquidem</strong></span> <span class='ocrx_word' id='word_1_34' title='bbox 1567 377 1988 440; x_wconf 85' lang='lat' dir='ltr'><strong>inminentibus</strong></span> <span class='ocrx_word' id='word_1_35' title='bbox 2040 379 2265 442; x_wconf 86' lang='lat' dir='ltr'><strong>insulae</strong></span> 
     </span>
     <span class='ocr_line' id='line_1_5' title="bbox 287 470 2266 549; baseline 0.003 -19"><span class='ocrx_word' id='word_1_36' title='bbox 287 470 557 532; x_wconf 76' lang='lat' dir='ltr'><strong>hostibus</strong></span> <span class='ocrx_word' id='word_1_37' title='bbox 582 473 720 549; x_wconf 84' lang='lat' dir='ltr'><strong>fuga</strong></span> <span class='ocrx_word' id='word_1_38' title='bbox 751 471 899 548; x_wconf 82' lang='lat' dir='ltr'><strong>lapsi</strong></span> <span class='ocrx_word' id='word_1_39' title='bbox 935 482 1070 531; x_wconf 90' lang='lat' dir='ltr'><strong>sunt</strong></span> <span class='ocrx_word' id='word_1_40' title='bbox 1108 472 1184 531; x_wconf 96' lang='lat' dir='ltr'><strong>de</strong></span> <span class='ocrx_word' id='word_1_41' title='bbox 1221 471 1411 531; x_wconf 89' lang='lat' dir='ltr'><strong>insula</strong></span> <span class='ocrx_word' id='word_1_42' title='bbox 1445 483 1504 533; x_wconf 91' lang='lat' dir='ltr'><strong>et</strong></span> <span class='ocrx_word' id='word_1_43' title='bbox 1539 471 1603 532; x_wconf 92' lang='lat' dir='ltr'><strong>in</strong></span> <span class='ocrx_word' id='word_1_44' title='bbox 1633 473 1958 549; x_wconf 84' lang='lat' dir='ltr'><strong>proximam</strong></span> <span class='ocrx_word' id='word_1_45' title='bbox 1997 477 2266 536; x_wconf 89' lang='lat' dir='ltr'><strong>Iutorum</strong></span> 
     </span>
     <span class='ocr_line' id='line_1_6' title="bbox 291 566 2370 650; baseline 0.004 -25"><span class='ocrx_word' id='word_1_46' title='bbox 291 566 655 644; x_wconf 89' lang='lat' dir='ltr'><strong>prouinciam</strong></span> <span class='ocrx_word' id='word_1_47' title='bbox 682 567 975 628; x_wconf 71' lang='lat' dir='ltr'><strong>traaislati:</strong></span> <span class='ocrx_word' id='word_1_48' title='bbox 1016 566 1134 640; x_wconf 88' lang='lat' dir='ltr'><strong>ubi,</strong></span> <span class='ocrx_word' id='word_1_49' title='bbox 1165 586 1303 625; x_wconf 91' lang='lat' dir='ltr'><strong>cum</strong></span> <span class='ocrx_word' id='word_1_50' title='bbox 1331 567 1510 627; x_wconf 87' lang='lat' dir='ltr'><strong>delati</strong></span> <span class='ocrx_word' id='word_1_51' title='bbox 1546 567 1609 627; x_wconf 89' lang='lat' dir='ltr'><strong>in</strong></span> <span class='ocrx_word' id='word_1_52' title='bbox 1644 570 1841 628; x_wconf 91' lang='lat' dir='ltr'><strong>locum</strong></span> <span class='ocrx_word' id='word_1_53' title='bbox 1885 568 1987 645; x_wconf 92' lang='lat' dir='ltr'><strong>qui</strong></span> <span class='ocrx_word' id='word_1_54' title='bbox 2023 585 2267 633; x_wconf 92' lang='lat' dir='ltr'><strong>uocatur</strong></span> <span class='ocrx_word' id='word_1_55' title='bbox 2337 592 2370 650; x_wconf 89' lang='lat'>5</span> 
     </span>
     <span class='ocr_line' id='line_1_7' title="bbox 290 661 2269 741; baseline 0.003 -19"><span class='ocrx_word' id='word_1_56' title='bbox 290 663 391 722; x_wconf 92' lang='lat' dir='ltr'><strong>Ad</strong></span> <span class='ocrx_word' id='word_1_57' title='bbox 433 661 720 738; x_wconf 88' lang='lat' dir='ltr'><strong>Lapidem</strong></span> <span class='ocrx_word' id='word_1_58' title='bbox 766 663 1121 722; x_wconf 83' lang='lat' dir='ltr'><strong>occulendos</strong></span> <span class='ocrx_word' id='word_1_59' title='bbox 1160 683 1227 722; x_wconf 85' lang='lat' dir='ltr'><strong>se</strong></span> <span class='ocrx_word' id='word_1_60' title='bbox 1264 682 1304 721; x_wconf 90' lang='lat' dir='ltr'><strong>a</strong></span> <span class='ocrx_word' id='word_1_61' title='bbox 1341 663 1488 724; x_wconf 84' lang='lat' dir='ltr'><strong>facie</strong></span> <span class='ocrx_word' id='word_1_62' title='bbox 1527 663 1677 741; x_wconf 88' lang='lat' dir='ltr'><strong>regis</strong></span> <span class='ocrx_word' id='word_1_63' title='bbox 1716 665 1954 726; x_wconf 90' lang='lat' dir='ltr'><strong>uictoris</strong></span> <span class='ocrx_word' id='word_1_64' title='bbox 1994 667 2269 730; x_wconf 89' lang='lat' dir='ltr'><strong>credidis-</strong></span> 
     </span>
     <span class='ocr_line' id='line_1_8' title="bbox 294 751 2269 836; baseline 0.004 -19"><span class='ocrx_word' id='word_1_65' title='bbox 294 768 442 828; x_wconf 75' lang='lat' dir='ltr'><strong>sent,</strong></span> <span class='ocrx_word' id='word_1_66' title='bbox 481 751 696 835; x_wconf 90' lang='lat' dir='ltr'><strong>proditi</strong></span> <span class='ocrx_word' id='word_1_67' title='bbox 736 767 872 817; x_wconf 89' lang='lat' dir='ltr'><strong>sunt</strong></span> <span class='ocrx_word' id='word_1_68' title='bbox 913 767 1090 834; x_wconf 90' lang='lat' dir='ltr'><strong>atque</strong></span> <span class='ocrx_word' id='word_1_69' title='bbox 1131 758 1323 819; x_wconf 80' lang='lat' dir='ltr'><strong>occidi</strong></span> <span class='ocrx_word' id='word_1_70' title='bbox 1362 757 1521 819; x_wconf 80' lang='lat' dir='ltr'><strong>iussi.</strong></span> <span class='ocrx_word' id='word_1_71' title='bbox 1622 763 1786 836; x_wconf 92' lang='lat' dir='ltr'><strong>quod</strong></span> <span class='ocrx_word' id='word_1_72' title='bbox 1832 778 1970 820; x_wconf 90' lang='lat' dir='ltr'><strong>cum</strong></span> <span class='ocrx_word' id='word_1_73' title='bbox 2008 763 2269 825; x_wconf 82' lang='lat' dir='ltr'><strong>audisset</strong></span> 
     </span>
     <span class='ocr_line' id='line_1_9' title="bbox 294 849 2265 934; baseline 0.002 -20"><span class='ocrx_word' id='word_1_74' title='bbox 294 857 476 916; x_wconf 91' lang='lat' dir='ltr'><strong>abbas</strong></span> <span class='ocrx_word' id='word_1_75' title='bbox 504 853 743 932; x_wconf 89' lang='lat' dir='ltr'><strong>quidam</strong></span> <span class='ocrx_word' id='word_1_76' title='bbox 771 866 831 915; x_wconf 90' lang='lat' dir='ltr'><strong>et</strong></span> <span class='ocrx_word' id='word_1_77' title='bbox 861 857 1161 933; x_wconf 86' lang='lat' dir='ltr'><strong>presbyter</strong></span> <span class='ocrx_word' id='word_1_78' title='bbox 1194 849 1486 916; x_wconf 93' lang='lat' dir='ltr'><strong>uocabulo</strong></span> <span class='ocrx_word' id='word_1_79' title='bbox 1514 857 1846 934; x_wconf 73' lang='lat' dir='ltr'><strong>cyniberct,</strong></span> <span class='ocrx_word' id='word_1_80' title='bbox 1885 859 2110 920; x_wconf 86' lang='lat' dir='ltr'><strong>habens</strong></span> <span class='ocrx_word' id='word_1_81' title='bbox 2146 879 2265 920; x_wconf 89' lang='lat' dir='ltr'><strong>non</strong></span> 
     </span>
     <span class='ocr_line' id='line_1_10' title="bbox 294 951 2265 1029; baseline 0.003 -19"><span class='ocrx_word' id='word_1_82' title='bbox 294 954 469 1029; x_wconf 86' lang='lat' dir='ltr'><strong>longe</strong></span> <span class='ocrx_word' id='word_1_83' title='bbox 501 953 576 1012; x_wconf 93' lang='lat' dir='ltr'><strong>ab</strong></span> <span class='ocrx_word' id='word_1_84' title='bbox 613 951 753 1012; x_wconf 90' lang='lat' dir='ltr'><strong>inde</strong></span> <span class='ocrx_word' id='word_1_85' title='bbox 784 951 1201 1012; x_wconf 87' lang='lat' dir='ltr'><strong>monasterium</strong></span> <span class='ocrx_word' id='word_1_86' title='bbox 1238 951 1301 1011; x_wconf 89' lang='lat' dir='ltr'><strong>in</strong></span> <span class='ocrx_word' id='word_1_87' title='bbox 1332 952 1467 1012; x_wconf 93' lang='lat' dir='ltr'><strong>loco</strong></span> <span class='ocrx_word' id='word_1_88' title='bbox 1505 952 1607 1028; x_wconf 87' lang='lat' dir='ltr'><strong>qui</strong></span> <span class='ocrx_word' id='word_1_89' title='bbox 1650 964 1895 1013; x_wconf 88' lang='lat' dir='ltr'><strong>uocatur</strong></span> <span class='ocrx_word' id='word_1_90' title='bbox 1922 955 2265 1024; x_wconf 75' lang='lat' dir='ltr'><strong>Hreutford‚</strong></span> 
     </span>
    </p>

    <p class='ocr_par' dir='ltr' id='par_1_3' title="bbox 295 1049 2378 2364">
     <span class='ocr_line' id='line_1_11' title="bbox 295 1049 2378 1128; baseline 0 -16"><span class='ocrx_word' id='word_1_91' title='bbox 295 1052 358 1112; x_wconf 94' lang='lat' dir='ltr'><strong>id</strong></span> <span class='ocrx_word' id='word_1_92' title='bbox 384 1062 475 1112; x_wconf 89' lang='lat' dir='ltr'><strong>est</strong></span> <span class='ocrx_word' id='word_1_93' title='bbox 503 1055 518 1084; x_wconf 91' lang='lat'>‘</span> <span class='ocrx_word' id='word_1_94' title='bbox 534 1053 754 1111; x_wconf 87' lang='lat' dir='ltr'><strong>uadum</strong></span> <span class='ocrx_word' id='word_1_95' title='bbox 778 1050 1156 1124; x_wconf 75' lang='lat' dir='ltr'><strong>harundini5‚’</strong></span> <span class='ocrx_word' id='word_1_96' title='bbox 1191 1049 1355 1111; x_wconf 89' lang='lat' dir='ltr'><strong>uenit</strong></span> <span class='ocrx_word' id='word_1_97' title='bbox 1390 1051 1467 1111; x_wconf 90' lang='lat' dir='ltr'><strong>ad</strong></span> <span class='ocrx_word' id='word_1_98' title='bbox 1502 1071 1715 1128; x_wconf 89' lang='lat' dir='ltr'><strong>regem,</strong></span> <span class='ocrx_word' id='word_1_99' title='bbox 1746 1051 1848 1128; x_wconf 92' lang='lat' dir='ltr'><strong>qui</strong></span> <span class='ocrx_word' id='word_1_100' title='bbox 1875 1063 2018 1111; x_wconf 91' lang='lat' dir='ltr'><strong>tunc</strong></span> <span class='ocrx_word' id='word_1_101' title='bbox 2044 1050 2267 1112; x_wconf 81' lang='lat' dir='ltr'><strong>eisdem</strong></span> <span class='ocrx_word' id='word_1_102' title='bbox 2298 1066 2378 1107; x_wconf 64' lang='grc' dir='ltr'><strong>ω</strong></span> 
     </span>
     <span class='ocr_line' id='line_1_12' title="bbox 296 1144 2269 1223; baseline 0.001 -18"><span class='ocrx_word' id='word_1_103' title='bbox 296 1145 356 1205; x_wconf 88' lang='lat' dir='ltr'><strong>in</strong></span> <span class='ocrx_word' id='word_1_104' title='bbox 391 1146 651 1222; x_wconf 88' lang='lat' dir='ltr'><strong>partibus</strong></span> <span class='ocrx_word' id='word_1_105' title='bbox 694 1148 957 1209; x_wconf 87' lang='lat' dir='ltr'><strong>occultus</strong></span> <span class='ocrx_word' id='word_1_106' title='bbox 992 1147 1301 1206; x_wconf 85' lang='lat' dir='ltr'><strong>curabatur</strong></span> <span class='ocrx_word' id='word_1_107' title='bbox 1331 1164 1368 1205; x_wconf 89' lang='lat' dir='ltr'><strong>a</strong></span> <span class='ocrx_word' id='word_1_108' title='bbox 1401 1145 1737 1206; x_wconf 90' lang='lat' dir='ltr'><strong>uulneribus</strong></span> <span class='ocrx_word' id='word_1_109' title='bbox 1772 1165 1922 1223; x_wconf 89' lang='lat' dir='ltr'><strong>quae</strong></span> <span class='ocrx_word' id='word_1_110' title='bbox 1961 1144 2016 1206; x_wconf 90' lang='lat' dir='ltr'><strong>ei</strong></span> <span class='ocrx_word' id='word_1_111' title='bbox 2051 1144 2269 1206; x_wconf 91' lang='lat' dir='ltr'><strong>inflicta</strong></span> 
     </span>
     <span class='ocr_line' id='line_1_13' title="bbox 295 1237 2270 1318; baseline 0 -19"><span class='ocrx_word' id='word_1_112' title='bbox 295 1243 522 1301; x_wconf 87' lang='lat' dir='ltr'><strong>fuerant</strong></span> <span class='ocrx_word' id='word_1_113' title='bbox 550 1240 858 1317; x_wconf 88' lang='lat' dir='ltr'><strong>proelianti</strong></span> <span class='ocrx_word' id='word_1_114' title='bbox 892 1240 954 1299; x_wconf 92' lang='lat' dir='ltr'><strong>in</strong></span> <span class='ocrx_word' id='word_1_115' title='bbox 985 1237 1175 1300; x_wconf 82' lang='lat' dir='ltr'><strong>insula</strong></span> <span class='ocrx_word' id='word_1_116' title='bbox 1201 1243 1405 1312; x_wconf 84' lang='lat' dir='ltr'><strong>Vecta,</strong></span> <span class='ocrx_word' id='word_1_117' title='bbox 1443 1241 1877 1318; x_wconf 89' lang='lat' dir='ltr'><strong>postulauitque</strong></span> <span class='ocrx_word' id='word_1_118' title='bbox 1904 1242 1979 1301; x_wconf 88' lang='lat' dir='ltr'><strong>ab</strong></span> <span class='ocrx_word' id='word_1_119' title='bbox 2006 1260 2081 1302; x_wconf 92' lang='lat' dir='ltr'><strong>eo</strong></span> <span class='ocrx_word' id='word_1_120' title='bbox 2108 1251 2190 1313; x_wconf 90' lang='lat' dir='ltr'><strong>ut,</strong></span> <span class='ocrx_word' id='word_1_121' title='bbox 2221 1242 2270 1300; x_wconf 88' lang='lat' dir='ltr'><strong>si</strong></span> 
     </span>
     <span class='ocr_line' id='line_1_14' title="bbox 296 1334 2270 1412; baseline -0.001 -17"><span class='ocrx_word' id='word_1_122' title='bbox 296 1355 535 1396; x_wconf 91' lang='lat' dir='ltr'><strong>necesse</strong></span> <span class='ocrx_word' id='word_1_123' title='bbox 581 1347 732 1396; x_wconf 86' lang='lat' dir='ltr'><strong>esset</strong></span> <span class='ocrx_word' id='word_1_124' title='bbox 772 1355 984 1411; x_wconf 89' lang='lat' dir='ltr'><strong>pueros</strong></span> <span class='ocrx_word' id='word_1_125' title='bbox 1023 1335 1286 1402; x_wconf 89' lang='lat' dir='ltr'><strong>interfici,</strong></span> <span class='ocrx_word' id='word_1_126' title='bbox 1326 1335 1486 1412; x_wconf 90' lang='lat' dir='ltr'><strong>prius</strong></span> <span class='ocrx_word' id='word_1_127' title='bbox 1526 1355 1629 1395; x_wconf 91' lang='lat' dir='ltr'><strong>eos</strong></span> <span class='ocrx_word' id='word_1_128' title='bbox 1668 1335 1867 1395; x_wconf 90' lang='lat' dir='ltr'><strong>liceret</strong></span> <span class='ocrx_word' id='word_1_129' title='bbox 1905 1334 2046 1395; x_wconf 89' lang='lat' dir='ltr'><strong>fidei</strong></span> <span class='ocrx_word' id='word_1_130' title='bbox 2081 1335 2270 1396; x_wconf 88' lang='lat' dir='ltr'><strong>Chris·</strong></span> 
     </span>
     <span class='ocr_line' id='line_1_15' title="bbox 297 1427 2269 1507; baseline -0.001 -16"><span class='ocrx_word' id='word_1_131' title='bbox 297 1431 489 1492; x_wconf 88' lang='lat' dir='ltr'><strong>tianae</strong></span> <span class='ocrx_word' id='word_1_132' title='bbox 517 1430 890 1491; x_wconf 83' lang='lat' dir='ltr'><strong>sacramentis</strong></span> <span class='ocrx_word' id='word_1_133' title='bbox 932 1429 1110 1490; x_wconf 87' lang='lat' dir='ltr'><strong>inbui.</strong></span> <span class='ocrx_word' id='word_1_134' title='bbox 1197 1430 1486 1490; x_wconf 87' lang='lat' dir='ltr'><strong>concessit</strong></span> <span class='ocrx_word' id='word_1_135' title='bbox 1527 1451 1644 1504; x_wconf 88' lang='lat' dir='ltr'><strong>rex,</strong></span> <span class='ocrx_word' id='word_1_136' title='bbox 1689 1441 1751 1490; x_wconf 90' lang='lat' dir='ltr'><strong>et</strong></span> <span class='ocrx_word' id='word_1_137' title='bbox 1792 1431 1915 1507; x_wconf 90' lang='lat' dir='ltr'><strong>ipse</strong></span> <span class='ocrx_word' id='word_1_138' title='bbox 1959 1427 2269 1490; x_wconf 89' lang='lat' dir='ltr'><strong>instructos</strong></span> 
     </span>
     <span class='ocr_line' id='line_1_16' title="bbox 297 1526 2370 1604; baseline 0 -17"><span class='ocrx_word' id='word_1_139' title='bbox 297 1529 478 1588; x_wconf 89' lang='lat' dir='ltr'><strong>uerbo</strong></span> <span class='ocrx_word' id='word_1_140' title='bbox 515 1527 775 1588; x_wconf 90' lang='lat' dir='ltr'><strong>ueritatis</strong></span> <span class='ocrx_word' id='word_1_141' title='bbox 804 1546 874 1586; x_wconf 91' lang='lat' dir='ltr'><strong>ac</strong></span> <span class='ocrx_word' id='word_1_142' title='bbox 909 1528 1071 1586; x_wconf 87' lang='lat' dir='ltr'><strong>fonte</strong></span> <span class='ocrx_word' id='word_1_143' title='bbox 1106 1526 1411 1587; x_wconf 89' lang='lat' dir='ltr'><strong>saluatoris</strong></span> <span class='ocrx_word' id='word_1_144' title='bbox 1446 1529 1675 1588; x_wconf 89' lang='lat' dir='ltr'><strong>ablutos</strong></span> <span class='ocrx_word' id='word_1_145' title='bbox 1703 1529 1778 1588; x_wconf 90' lang='lat' dir='ltr'><strong>de</strong></span> <span class='ocrx_word' id='word_1_146' title='bbox 1810 1527 2072 1604; x_wconf 89' lang='lat' dir='ltr'><strong>ingressu</strong></span> <span class='ocrx_word' id='word_1_147' title='bbox 2106 1530 2268 1604; x_wconf 89' lang='lat' dir='ltr'><strong>regni</strong></span> <span class='ocrx_word' id='word_1_148' title='bbox 2305 1545 2323 1580; x_wconf 88' lang='lat'>1</span> <span class='ocrx_word' id='word_1_149' title='bbox 2341 1542 2370 1600; x_wconf 79' lang='lat'><strong>5</strong></span> 
     </span>
     <span class='ocr_line' id='line_1_17' title="bbox 296 1621 2267 1698; baseline 0 -15"><span class='ocrx_word' id='word_1_150' title='bbox 296 1623 517 1683; x_wconf 89' lang='lat' dir='ltr'><strong>aeterni</strong></span> <span class='ocrx_word' id='word_1_151' title='bbox 536 1633 726 1682; x_wconf 90' lang='lat' dir='ltr'><strong>certos</strong></span> <span class='ocrx_word' id='word_1_152' title='bbox 745 1621 1013 1683; x_wconf 88' lang='lat' dir='ltr'><strong>reddidit.</strong></span> <span class='ocrx_word' id='word_1_153' title='bbox 1071 1642 1327 1698; x_wconf 87' lang='lat' dir='ltr'><strong>moxque</strong></span> <span class='ocrx_word' id='word_1_154' title='bbox 1349 1622 1431 1682; x_wconf 89' lang='lat' dir='ltr'><strong>illi</strong></span> <span class='ocrx_word' id='word_1_155' title='bbox 1456 1623 1709 1684; x_wconf 89' lang='lat' dir='ltr'><strong>instante</strong></span> <span class='ocrx_word' id='word_1_156' title='bbox 1730 1621 1998 1682; x_wconf 87' lang='lat' dir='ltr'><strong>carnifice</strong></span> <span class='ocrx_word' id='word_1_157' title='bbox 2019 1634 2267 1683; x_wconf 88' lang='lat' dir='ltr'><strong>mortem</strong></span> 
     </span>
     <span class='ocr_line' id='line_1_18' title="bbox 299 1715 2267 1794; baseline -0.002 -15"><span class='ocrx_word' id='word_1_158' title='bbox 299 1719 434 1779; x_wconf 89' lang='lat' dir='ltr'><strong>laeti</strong></span> <span class='ocrx_word' id='word_1_159' title='bbox 471 1718 698 1778; x_wconf 88' lang='lat' dir='ltr'><strong>subiere</strong></span> <span class='ocrx_word' id='word_1_160' title='bbox 733 1720 1113 1793; x_wconf 90' lang='lat' dir='ltr'><strong>temporalem</strong></span> <span class='ocrx_word' id='word_1_161' title='bbox 1147 1736 1252 1793; x_wconf 85' lang='lat' dir='ltr'><strong>per</strong></span> <span class='ocrx_word' id='word_1_162' title='bbox 1279 1736 1457 1794; x_wconf 89' lang='lat' dir='ltr'><strong>quam</strong></span> <span class='ocrx_word' id='word_1_163' title='bbox 1487 1738 1547 1778; x_wconf 90' lang='lat' dir='ltr'><strong>se</strong></span> <span class='ocrx_word' id='word_1_164' title='bbox 1576 1720 1652 1777; x_wconf 91' lang='lat' dir='ltr'><strong>ad</strong></span> <span class='ocrx_word' id='word_1_165' title='bbox 1679 1717 1862 1778; x_wconf 88' lang='lat' dir='ltr'><strong>uitam</strong></span> <span class='ocrx_word' id='word_1_166' title='bbox 1889 1715 2119 1777; x_wconf 87' lang='lat' dir='ltr'><strong>animae</strong></span> <span class='ocrx_word' id='word_1_167' title='bbox 2145 1735 2267 1792; x_wconf 86' lang='lat' dir='ltr'><strong>per-</strong></span> 
     </span>
     <span class='ocr_line' id='line_1_19' title="bbox 297 1811 2265 1892; baseline -0.003 -16"><span class='ocrx_word' id='word_1_168' title='bbox 297 1826 535 1892; x_wconf 88' lang='lat' dir='ltr'><strong>petuam</strong></span> <span class='ocrx_word' id='word_1_169' title='bbox 577 1833 698 1873; x_wconf 92' lang='lat' dir='ltr'><strong>non</strong></span> <span class='ocrx_word' id='word_1_170' title='bbox 739 1813 1085 1875; x_wconf 87' lang='lat' dir='ltr'><strong>dubitabant</strong></span> <span class='ocrx_word' id='word_1_171' title='bbox 1116 1833 1243 1873; x_wconf 90' lang='lat' dir='ltr'><strong>esse</strong></span> <span class='ocrx_word' id='word_1_172' title='bbox 1277 1813 1631 1873; x_wconf 81' lang='lat' dir='ltr'><strong>transituros,</strong></span> <span class='ocrx_word' id='word_1_173' title='bbox 1713 1814 1831 1873; x_wconf 93' lang='lat' dir='ltr'><strong>hoc</strong></span> <span class='ocrx_word' id='word_1_174' title='bbox 1870 1828 2009 1889; x_wconf 87' lang='lat' dir='ltr'><strong>ergo</strong></span> <span class='ocrx_word' id='word_1_175' title='bbox 2044 1811 2265 1883; x_wconf 86' lang='lat' dir='ltr'><strong>ordine,</strong></span> 
     </span>
     <span class='ocr_line' id='line_1_20' title="bbox 298 1906 2268 1987; baseline -0.003 -17"><span class='ocrx_word' id='word_1_176' title='bbox 298 1921 612 1987; x_wconf 86' lang='lat' dir='ltr'><strong>postquam</strong></span> <span class='ocrx_word' id='word_1_177' title='bbox 671 1928 877 1969; x_wconf 90' lang='lat' dir='ltr'><strong>omnes</strong></span> <span class='ocrx_word' id='word_1_178' title='bbox 945 1907 1353 1967; x_wconf 84' lang='lat' dir='ltr'><strong>Brittaniamm</strong></span> <span class='ocrx_word' id='word_1_179' title='bbox 1419 1906 1756 1985; x_wconf 90' lang='lat' dir='ltr'><strong>prouinciae</strong></span> <span class='ocrx_word' id='word_1_180' title='bbox 1821 1909 1999 1967; x_wconf 90' lang='lat' dir='ltr'><strong>fidem</strong></span> <span class='ocrx_word' id='word_1_181' title='bbox 2056 1906 2268 1967; x_wconf 88' lang='lat' dir='ltr'><strong>Christi</strong></span> 
     </span>
     <span class='ocr_line' id='line_1_21' title="bbox 300 2002 2374 2081; baseline -0 -16"><span class='ocrx_word' id='word_1_182' title='bbox 300 2016 688 2081; x_wconf 85' lang='lat' dir='ltr'><strong>susceperant,</strong></span> <span class='ocrx_word' id='word_1_183' title='bbox 746 2003 1000 2080; x_wconf 86' lang='lat' dir='ltr'><strong>suscepit</strong></span> <span class='ocrx_word' id='word_1_184' title='bbox 1051 2015 1110 2064; x_wconf 89' lang='lat' dir='ltr'><strong>et</strong></span> <span class='ocrx_word' id='word_1_185' title='bbox 1163 2003 1355 2063; x_wconf 88' lang='lat' dir='ltr'><strong>insula</strong></span> <span class='ocrx_word' id='word_1_186' title='bbox 1394 2006 1598 2077; x_wconf 65' lang='lat' dir='ltr'><strong>Vecta„</strong></span> <span class='ocrx_word' id='word_1_187' title='bbox 1653 2003 1715 2063; x_wconf 92' lang='lat' dir='ltr'><strong>in</strong></span> <span class='ocrx_word' id='word_1_188' title='bbox 1769 2023 1888 2079; x_wconf 88' lang='lat' dir='ltr'><strong>qua</strong></span> <span class='ocrx_word' id='word_1_189' title='bbox 1940 2013 2139 2062; x_wconf 90' lang='lat' dir='ltr'><strong>tamen</strong></span> <span class='ocrx_word' id='word_1_190' title='bbox 2191 2002 2268 2061; x_wconf 92' lang='lat' dir='ltr'><strong>ob</strong></span> <span class='ocrx_word' id='word_1_191' title='bbox 2300 2027 2374 2064; x_wconf 84' lang='lat'><strong>20</strong></span> 
     </span>
     <span class='ocr_line' id='line_1_22' title="bbox 297 2098 2271 2176; baseline -0.002 -15"><span class='ocrx_word' id='word_1_192' title='bbox 297 2120 636 2161; x_wconf 87' lang='lat' dir='ltr'><strong>aerumnam</strong></span> <span class='ocrx_word' id='word_1_193' title='bbox 682 2111 952 2159; x_wconf 87' lang='lat' dir='ltr'><strong>externae</strong></span> <span class='ocrx_word' id='word_1_194' title='bbox 1005 2098 1383 2159; x_wconf 89' lang='lat' dir='ltr'><strong>subiectionis</strong></span> <span class='ocrx_word' id='word_1_195' title='bbox 1435 2118 1613 2159; x_wconf 88' lang='lat' dir='ltr'><strong>nemo</strong></span> <span class='ocrx_word' id='word_1_196' title='bbox 1668 2102 1911 2176; x_wconf 88' lang='lat' dir='ltr'><strong>gradum</strong></span> <span class='ocrx_word' id='word_1_197' title='bbox 1966 2098 2271 2158; x_wconf 88' lang='lat' dir='ltr'><strong>ministerii</strong></span> 
     </span>
     <span class='ocr_line' id='line_1_23' title="bbox 299 2193 2273 2272; baseline -0.002 -16"><span class='ocrx_word' id='word_1_198' title='bbox 299 2216 371 2255; x_wconf 89' lang='lat' dir='ltr'><strong>ac</strong></span> <span class='ocrx_word' id='word_1_199' title='bbox 407 2196 562 2256; x_wconf 90' lang='lat' dir='ltr'><strong>sedis</strong></span> <span class='ocrx_word' id='word_1_200' title='bbox 603 2194 953 2271; x_wconf 87' lang='lat' dir='ltr'><strong>episcopalis</strong></span> <span class='ocrx_word' id='word_1_201' title='bbox 989 2205 1124 2253; x_wconf 89' lang='lat' dir='ltr'><strong>ante</strong></span> <span class='ocrx_word' id='word_1_202' title='bbox 1163 2194 1536 2266; x_wconf 89' lang='lat' dir='ltr'><strong>Danihelem,</strong></span> <span class='ocrx_word' id='word_1_203' title='bbox 1582 2195 1683 2272; x_wconf 90' lang='lat' dir='ltr'><strong>qui</strong></span> <span class='ocrx_word' id='word_1_204' title='bbox 1727 2213 1885 2253; x_wconf 90' lang='lat' dir='ltr'><strong>nunc</strong></span> <span class='ocrx_word' id='word_1_205' title='bbox 1924 2193 2273 2256; x_wconf 86' lang='lat' dir='ltr'><strong>Occidenta-</strong></span> 
     </span>
     <span class='ocr_line' id='line_1_24' title="bbox 297 2288 1512 2364; baseline -0.005 -13"><span class='ocrx_word' id='word_1_206' title='bbox 297 2291 443 2351; x_wconf 88' lang='lat' dir='ltr'><strong>lium</strong></span> <span class='ocrx_word' id='word_1_207' title='bbox 471 2292 766 2350; x_wconf 88' lang='lat' dir='ltr'><strong>Saxonum</strong></span> <span class='ocrx_word' id='word_1_208' title='bbox 794 2300 882 2348; x_wconf 90' lang='lat' dir='ltr'><strong>est</strong></span> <span class='ocrx_word' id='word_1_209' title='bbox 908 2288 1236 2364; x_wconf 82' lang='lat' dir='ltr'><strong>episcopuS,</strong></span> <span class='ocrx_word' id='word_1_210' title='bbox 1265 2288 1512 2364; x_wconf 89' lang='lat' dir='ltr'><strong>accepit.</strong></span> 
     </span>
    </p>

    <p class='ocr_par' dir='ltr' id='par_1_4' title="bbox 300 2380 2369 3036">
     <span class='ocr_line' id='line_1_25' title="bbox 417 2380 2269 2447; baseline -0.003 -1"><span class='ocrx_word' id='word_1_211' title='bbox 417 2386 542 2447; x_wconf 87' lang='lat' dir='ltr'><strong>Sita</strong></span> <span class='ocrx_word' id='word_1_212' title='bbox 583 2396 672 2446; x_wconf 90' lang='lat' dir='ltr'><strong>est</strong></span> <span class='ocrx_word' id='word_1_213' title='bbox 710 2397 906 2445; x_wconf 90' lang='lat' dir='ltr'><strong>autem</strong></span> <span class='ocrx_word' id='word_1_214' title='bbox 946 2387 1092 2446; x_wconf 89' lang='lat' dir='ltr'><strong>haec</strong></span> <span class='ocrx_word' id='word_1_215' title='bbox 1132 2384 1323 2444; x_wconf 91' lang='lat' dir='ltr'><strong>insula</strong></span> <span class='ocrx_word' id='word_1_216' title='bbox 1362 2395 1567 2445; x_wconf 90' lang='lat' dir='ltr'><strong>contra</strong></span> <span class='ocrx_word' id='word_1_217' title='bbox 1606 2381 1869 2443; x_wconf 89' lang='lat' dir='ltr'><strong>medium</strong></span> <span class='ocrx_word' id='word_1_218' title='bbox 1915 2380 2269 2441; x_wconf 85' lang='lat' dir='ltr'><strong>Australium</strong></span> 
     </span>
     <span class='ocr_line' id='line_1_26' title="bbox 300 2475 2369 2556; baseline -0.004 -12"><span class='ocrx_word' id='word_1_219' title='bbox 300 2488 592 2544; x_wconf 60' lang='lat' dir='ltr'><strong>Sar-:ouum</strong></span> <span class='ocrx_word' id='word_1_220' title='bbox 624 2496 684 2540; x_wconf 69' lang='lat' dir='ltr'><strong>et</strong></span> <span class='ocrx_word' id='word_1_221' title='bbox 712 2484 1108 2552; x_wconf 51' lang='lat' dir='ltr'><strong>[zeniam-um,</strong></span> <span class='ocrx_word' id='word_1_222' title='bbox 1140 2480 1481 2556; x_wconf 66' lang='lat' dir='ltr'><strong>interpnsito</strong></span> <span class='ocrx_word' id='word_1_223' title='bbox 1513 2484 1721 2556; x_wconf 70' lang='lat' dir='ltr'><strong>pelago</strong></span> <span class='ocrx_word' id='word_1_224' title='bbox 1753 2480 2069 2536; x_wconf 73' lang='lat' dir='ltr'><strong>Iatitudinis</strong></span> <span class='ocrx_word' id='word_1_225' title='bbox 2097 2475 2265 2536; x_wconf 76' lang='lat' dir='ltr'><strong>trium</strong></span> <span class='ocrx_word' id='word_1_226' title='bbox 2301 2496 2369 2552; x_wconf 71' lang='lat'><strong>25</strong></span> 
     </span>
     <span class='ocr_line' id='line_1_27' title="bbox 300 2572 2266 2652; baseline -0.005 -16"><span class='ocrx_word' id='word_1_227' title='bbox 300 2580 520 2636; x_wconf 77' lang='lat' dir='ltr'><strong>milium</strong></span> <span class='ocrx_word' id='word_1_228' title='bbox 556 2580 712 2652; x_wconf 67' lang='lat' dir='ltr'><strong>quus]</strong></span> <span class='ocrx_word' id='word_1_229' title='bbox 744 2592 984 2636; x_wconf 67' lang='lat' dir='ltr'><strong>uocatur</strong></span> <span class='ocrx_word' id='word_1_230' title='bbox 1012 2580 1289 2636; x_wconf 60' lang='lat' dir='ltr'><strong>&amp;uiuente</strong></span> <span class='ocrx_word' id='word_1_231' title='bbox 1321 2600 1329 2632; x_wconf 98' lang='lat'><strong>:</strong></span> <span class='ocrx_word' id='word_1_232' title='bbox 1373 2576 1429 2632; x_wconf 80' lang='lat' dir='ltr'><strong>in</strong></span> <span class='ocrx_word' id='word_1_233' title='bbox 1461 2596 1581 2648; x_wconf 63' lang='lat' dir='ltr'><strong>qus]</strong></span> <span class='ocrx_word' id='word_1_234' title='bbox 1609 2576 1881 2632; x_wconf 67' lang='lat' dir='ltr'><strong>uidelicet</strong></span> <span class='ocrx_word' id='word_1_235' title='bbox 1909 2572 2121 2648; x_wconf 66' lang='lat' dir='ltr'><strong>pelago</strong></span> <span class='ocrx_word' id='word_1_236' title='bbox 2149 2572 2266 2632; x_wconf 67' lang='lat' dir='ltr'><strong>hini</strong></span> 
     </span>
     <span class='ocr_line' id='line_1_28' title="bbox 300 2668 2269 2748; baseline -0.002 -16"><span class='ocrx_word' id='word_1_237' title='bbox 300 2688 492 2732; x_wconf 73' lang='lat' dir='ltr'><strong>aestus</strong></span> <span class='ocrx_word' id='word_1_238' title='bbox 544 2672 764 2744; x_wconf 63' lang='lat' dir='ltr'><strong>occani,</strong></span> <span class='ocrx_word' id='word_1_239' title='bbox 824 2674 920 2748; x_wconf 73' lang='lat' dir='ltr'><strong>qui</strong></span> <span class='ocrx_word' id='word_1_240' title='bbox 980 2672 1192 2728; x_wconf 69' lang='lat' dir='ltr'><strong>circum</strong></span> <span class='ocrx_word' id='word_1_241' title='bbox 1256 2672 1593 2728; x_wconf 70' lang='lat' dir='ltr'><strong>Brittaniam</strong></span> <span class='ocrx_word' id='word_1_242' title='bbox 1653 2692 1721 2728; x_wconf 62' lang='lat' dir='ltr'><strong>ex</strong></span> <span class='ocrx_word' id='word_1_243' title='bbox 1773 2668 1997 2728; x_wconf 66' lang='lat' dir='ltr'><strong>infinito</strong></span> <span class='ocrx_word' id='word_1_244' title='bbox 2045 2688 2269 2728; x_wconf 63' lang='lat' dir='ltr'><strong>oceano</strong></span> 
     </span>
     <span class='ocr_line' id='line_1_29' title="bbox 300 2768 2269 2848; baseline -0.002 -20"><span class='ocrx_word' id='word_1_245' title='bbox 300 2772 736 2848; x_wconf 66' lang='lat' dir='ltr'><strong>septentrionali„</strong></span> <span class='ocrx_word' id='word_1_246' title='bbox 780 2781 1104 2844; x_wconf 66' lang='lat' dir='ltr'><strong>erumpunt„</strong></span> <span class='ocrx_word' id='word_1_247' title='bbox 1152 2768 1381 2828; x_wconf 69' lang='lat' dir='ltr'><strong>sibimet</strong></span> <span class='ocrx_word' id='word_1_248' title='bbox 1433 2768 1685 2828; x_wconf 60' lang='lat' dir='ltr'><strong>inuicem</strong></span> <span class='ocrx_word' id='word_1_249' title='bbox 1737 2768 1949 2824; x_wconf 63' lang='lat' dir='ltr'><strong>cotidie</strong></span> <span class='ocrx_word' id='word_1_250' title='bbox 1997 2786 2269 2840; x_wconf 69' lang='lat' dir='ltr'><strong>compug-</strong></span> 
     </span>
     <span class='ocr_line' id='line_1_30' title="bbox 300 2864 2269 2936; baseline -0.003 -12"><span class='ocrx_word' id='word_1_251' title='bbox 300 2880 504 2924; x_wconf 70' lang='lat' dir='ltr'><strong>names</strong></span> <span class='ocrx_word' id='word_1_252' title='bbox 548 2880 856 2924; x_wconf 68' lang='lat' dir='ltr'><strong>occurrunt</strong></span> <span class='ocrx_word' id='word_1_253' title='bbox 900 2868 1044 2924; x_wconf 75' lang='lat' dir='ltr'><strong>ultra</strong></span> <span class='ocrx_word' id='word_1_254' title='bbox 1080 2864 1293 2924; x_wconf 60' lang='lat' dir='ltr'><strong>natium</strong></span> <span class='ocrx_word' id='word_1_255' title='bbox 1333 2864 1581 2920; x_wconf 74' lang='lat' dir='ltr'><strong>fluminis</strong></span> <span class='ocrx_word' id='word_1_256' title='bbox 1625 2866 1933 2932; x_wconf 58' lang='lat' dir='ltr'><strong>Homelea,</strong></span> <span class='ocrx_word' id='word_1_257' title='bbox 1965 2864 2125 2936; x_wconf 66' lang='lat' dir='ltr'><strong>quud</strong></span> <span class='ocrx_word' id='word_1_258' title='bbox 2169 2884 2269 2936; x_wconf 72' lang='lat' dir='ltr'><strong>per</strong></span> 
     </span>
     <span class='ocr_line' id='line_1_31' title="bbox 300 2956 2369 3036; baseline 0 -16"><span class='ocrx_word' id='word_1_259' title='bbox 300 2972 476 3020; x_wconf 61' lang='lat' dir='ltr'><strong>ten-&#39;as</strong></span> <span class='ocrx_word' id='word_1_260' title='bbox 536 2964 796 3016; x_wconf 64' lang='lat' dir='ltr'><strong>Imbrum</strong></span> <span class='ocrx_word' id='word_1_261' title='bbox 856 2980 1000 3036; x_wconf 69' lang='lat' dir='ltr'><strong>quae</strong></span> <span class='ocrx_word' id='word_1_262' title='bbox 1060 2964 1136 3016; x_wconf 74' lang='lat' dir='ltr'><strong>ad</strong></span> <span class='ocrx_word' id='word_1_263' title='bbox 1192 2962 1485 3036; x_wconf 68' lang='lat' dir='ltr'><strong>regionem</strong></span> <span class='ocrx_word' id='word_1_264' title='bbox 1545 2960 1921 3016; x_wconf 63' lang='lat' dir='ltr'><strong>Geuisssomm</strong></span> <span class='ocrx_word' id='word_1_265' title='bbox 1977 2956 2269 3032; x_wconf 61' lang='lat' dir='ltr'><strong>pertinent</strong></span> <span class='ocrx_word' id='word_1_266' title='bbox 2301 2984 2369 3036; x_wconf 55' lang='grc' dir='ltr'><strong>ζμ]</strong></span> 
     </span>
    </p>
   </div>
   <div class='ocr_carea' id='block_1_3' title="bbox 428 3100 2141 3164">
    <p class='ocr_par' dir='ltr' id='par_1_5' title="bbox 428 3100 2141 3164">
     <span class='ocr_line' id='line_1_32' title="bbox 428 3100 2141 3164; baseline -0.002 -12"><span class='ocrx_word' id='word_1_267' title='bbox 428 3104 468 3136; x_wconf 65' lang='lat'><strong>³³</strong></span> <span class='ocrx_word' id='word_1_268' title='bbox 500 3108 716 3164; x_wconf 61' lang='lat' dir='ltr'><strong>irfffflfiw&#39;</strong></span> <span class='ocrx_word' id='word_1_269' title='bbox 736 3124 820 3152; x_wconf 68' lang='lat' dir='ltr'><strong>ms.</strong></span> <span class='ocrx_word' id='word_1_270' title='bbox 1401 3104 1441 3136; x_wconf 65' lang='grc' dir='ltr'><strong>Π*</strong></span> <span class='ocrx_word' id='word_1_271' title='bbox 1477 3104 1705 3152; x_wconf 50' lang='lat' dir='ltr'><strong>:ramasses</strong></span> <span class='ocrx_word' id='word_1_272' title='bbox 1729 3120 1813 3152; x_wconf 62' lang='grc' dir='ltr'><strong>ωε.</strong></span> <span class='ocrx_word' id='word_1_273' title='bbox 1853 3104 2037 3148; x_wconf 53' lang='lat' dir='ltr'><strong>nass-rm</strong></span> <span class='ocrx_word' id='word_1_274' title='bbox 2057 3100 2141 3148; x_wconf 67' lang='lat' dir='ltr'><strong>C&#39;.</strong></span> 
     </span>
    </p>
   </div>
   <div class='ocr_carea' id='block_1_4' title="bbox 424 3184 1953 3313">
    <p class='ocr_par' dir='ltr' id='par_1_6' title="bbox 424 3184 1953 3313">
     <span class='ocr_line' id='line_1_33' title="bbox 426 3184 1953 3249; baseline 0 -16"><span class='ocrx_word' id='word_1_275' title='bbox 426 3188 468 3213; x_wconf 63' lang='grc' dir='ltr'><strong>’Π</strong></span> <span class='ocrx_word' id='word_1_276' title='bbox 496 3195 800 3245; x_wconf 49' lang='grc' dir='ltr'><strong>..Ἢπτῷετ-υπε·</strong></span> <span class='ocrx_word' id='word_1_277' title='bbox 824 3205 880 3249; x_wconf 75' lang='lat' dir='ltr'><strong>pr</strong></span> <span class='ocrx_word' id='word_1_278' title='bbox 904 3205 1028 3233; x_wconf 72' lang='lat' dir='ltr'><strong>man.</strong></span> <span class='ocrx_word' id='word_1_279' title='bbox 1063 3194 1172 3233; x_wconf 63' lang='grc' dir='ltr'><strong>-ττπέ</strong></span> <span class='ocrx_word' id='word_1_280' title='bbox 1196 3205 1289 3237; x_wconf 67' lang='lat' dir='ltr'><strong>sec,</strong></span> <span class='ocrx_word' id='word_1_281' title='bbox 1477 3201 1621 3249; x_wconf 49' lang='grc' dir='ltr'><strong>φρανκε</strong></span> <span class='ocrx_word' id='word_1_282' title='bbox 1649 3201 1737 3233; x_wconf 68' lang='lat'>1115.</span> <span class='ocrx_word' id='word_1_283' title='bbox 1757 3201 1849 3249; x_wconf 57' lang='grc' dir='ltr'><strong>ΨΜ</strong></span> <span class='ocrx_word' id='word_1_284' title='bbox 1877 3184 1953 3233; x_wconf 61' lang='lat' dir='ltr'><strong>Cffi.</strong></span> 
     </span>
     <span class='ocr_line' id='line_1_34' title="bbox 424 3261 880 3313; baseline 0.007 -4"><span class='ocrx_word' id='word_1_285' title='bbox 424 3261 464 3293; x_wconf 62' lang='grc' dir='ltr'>Ἦ</span> <span class='ocrx_word' id='word_1_286' title='bbox 512 3281 764 3309; x_wconf 62' lang='lat' dir='ltr'><strong>ern-*numa</strong></span> <span class='ocrx_word' id='word_1_287' title='bbox 796 3281 880 3313; x_wconf 60' lang='lat' dir='ltr'><strong>ms.</strong></span> 
     </span>
    </p>
   </div>
   <div class='ocr_carea' id='block_1_5' title="bbox 1586 3512 2561 3750">
    <p class='ocr_par' dir='ltr' id='par_1_7' title="bbox 1586 3512 2561 3750">
     <span class='ocr_line' id='line_1_35' title="bbox 1586 3512 2561 3750; baseline 0 -162"><span class='ocrx_word' id='word_1_288' title='bbox 1586 3587 1590 3588; x_wconf 0' lang='lat' dir='ltr'><strong> </strong></span> <span class='ocrx_word' id='word_1_289' title='bbox 2053 3561 2063 3566; x_wconf 31' lang='lat'>2</span> <span class='ocrx_word' id='word_1_290' title='bbox 2377 3512 2561 3750; x_wconf 56' lang='grc'>1</span> 
     </span>
    </p>
   </div>
   <div class='ocr_carea' id='block_1_6' title="bbox 2556 2259 2563 3523">
    <p class='ocr_par' dir='ltr' id='par_1_8' title="bbox 2556 2259 2563 3523">
     <span class='ocr_line' id='line_1_36' title="bbox 2556 2259 2563 3523; baseline 0 0"><span class='ocrx_word' id='word_1_291' title='bbox 2556 2259 2563 3523; x_wconf 95' lang='lat' dir='ltr'><strong> </strong></span> 
     </span>
    </p>
   </div>
   <div class='ocr_carea' id='block_1_7' title="bbox 2556 372 2564 2107">
    <p class='ocr_par' dir='ltr' id='par_1_9' title="bbox 2556 372 2564 2107">
     <span class='ocr_line' id='line_1_37' title="bbox 2556 372 2564 2107; baseline 0 0"><span class='ocrx_word' id='word_1_292' title='bbox 2556 372 2564 2107; x_wconf 95' lang='lat' dir='ltr'><strong> </strong></span> 
     </span>
    </p>
   </div>
  </div>
 </body>
</html>
