2567 3750
281 32 307 71 1
323 32 393 70 10
917 29 1199 78 ABBESS
1236 29 1603 78 HJLDJLJD.
2129 11 2245 93 [IV

275 174 395 232 quo
431 156 782 231 loqueretur,
828 158 844 189 ‘
860 175 994 214 eum
1034 155 1330 215 carissima
1347 158 1362 185 ’
1401 155 1591 231 inquit
1636 159 1652 188 ‘
1669 174 1802 215 mea
1833 167 2016 216 matre
2049 156 2244 216 Aedil-

272 252 492 326 burge.'
569 270 645 311 ex
670 270 790 327 quo
815 250 1151 311 intellexere
1183 252 1348 327 quod
1385 251 1513 327 ipsa
1550 250 1605 311 ei
1641 261 1871 328 tempus
1900 271 2038 312 suae
2068 263 2243 311 trans-

272 347 634 425 migrationis
677 346 740 406 in
794 347 1121 425 proximum
1175 347 1445 408 nuntiare
1500 346 1772 408 uenisset.
1855 366 1993 407 nam
2039 350 2136 422 et‚'
2160 346 2244 407 ita

273 456 338 505 ut
378 448 634 522 rogabat,
665 457 954 506 transacta
986 466 1103 506 una
1141 446 1239 506 die
1277 465 1352 506 ac
1390 457 1565 506 nocte
1607 447 1800 505 soluta
1838 445 2028 505 carnis
2068 445 2241 505 simul

273 551 333 600 et
359 534 707 601 infirmitatis
734 540 982 601 uinculis
1008 542 1088 601 ad
1113 538 1384 601 aeternae
1409 540 1623 617 gaudia
1650 538 1849 600 salutis
1875 539 2123 600 intrauit.
2301 561 2337 621 5

1227 856 1288 913 X

278 999 772 1126 SVCCESSIT
825 1011 1020 1061 autem
1086 1000 1434 1078 Aedilburgi
1501 1000 1564 1060 in
1631 1000 1826 1063 officio
1908 999 2237 1081 abbatissae

418 1100 637 1158 deuota
663 1099 780 1157 deo
806 1099 1023 1157 famula
1049 1098 1289 1158 nomine
1318 1097 1593 1172 Hildilid‚
1621 1098 1933 1174 multisque
1961 1098 2145 1170 anniS‚
2176 1095 2238 1156 id

273 1203 361 1252 est
399 1211 584 1268 usque
625 1193 702 1251 ad
754 1192 1020 1251 ultimam
1073 1202 1453 1266 senectutem,
1483 1193 1676 1254 eidem
1707 1192 2061 1255 monasterio
2103 1202 2237 1251 stre·

270 1288 548 1349 nuissime
592 1288 653 1347 in
697 1290 1068 1348 obseruantia
1111 1290 1456 1367 disciplinae
1497 1289 1770 1367 regularis
1814 1300 1872 1349 et
1924 1288 1987 1347 in
2042 1308 2236 1348 earum
2268 1310 2339 1349 ro
2535 1254 2536 1331 l

271 1405 422 1461 quae
448 1386 527 1444 ad
566 1404 908 1444 communes
948 1405 1084 1445 usus
1126 1386 1416 1463 pertinent
1451 1406 1643 1446 rerum
1681 1383 2049 1463 prouidentia
2076 1403 2237 1461 prae—

269 1483 392 1541 fuit.
476 1481 572 1541 cui
598 1501 748 1553 cum,
781 1493 1014 1558 propter
1044 1483 1368 1559 augustiam
1403 1482 1521 1542 loci
1561 1482 1623 1541 in
1663 1501 1783 1559 quo
1819 1480 2236 1542 monasterium

269 1586 668 1635 constructum
707 1588 809 1649 est,
846 1577 1159 1653 placuisset
1197 1590 1263 1636 ut
1303 1596 1437 1636 ossa
1475 1578 1823 1637 famulorum
1869 1578 2237 1635 famularum-

272 1692 386 1747 que
432 1670 648 1732 Christi
700 1692 854 1749 quae
906 1673 1128 1733 ibidem
1180 1676 1407 1735 fuerant
1460 1677 1749 1735 tumulata
1796 1675 2135 1735 tollerentur
2177 1686 2235 1734 et

269 1768 710 1827 transferrentur
774 1767 975 1827 omnia
1030 1769 1093 1828 in
1147 1770 1451 1829 ecclesiam
1504 1773 1712 1832 beatae
1765 1771 1863 1831 dei
1924 1770 2233 1847 genetricis
2264 1784 2330 1844 15

271 1882 510 1939 unoque
570 1865 960 1924 conderentur
999 1862 1061 1923 in
1102 1866 1254 1939 loco,
1299 1865 1528 1942 quoties
1583 1865 1666 1927 ibi
1720 1866 1946 1929 claritas
2003 1865 2235 1926 luminis

270 1959 533 2020 caelestis
575 1971 795 2036 quanta
833 1979 1010 2037 saepe
1049 1962 1349 2039 flagrantia
1385 1962 1635 2023 mirandi
1672 1963 2004 2041 apparuerit
2040 1964 2234 2024 odoris

271 2075 423 2133 quae
477 2056 590 2115 alia
633 2055 752 2117 sint
793 2055 957 2133 signa
999 2067 1249 2130 ostensa,
1300 2058 1361 2117 in
1415 2059 1546 2136 ipso
1600 2059 1747 2121 libro
1795 2060 1871 2120 de
1914 2079 2034 2136 quo
2088 2061 2234 2120 haec

271 2151 680 2227 excerpsimus,
709 2151 957 2228 quisque
984 2153 1202 2228 legerit,
1232 2153 1507 2215 inueniet.

387 2251 538 2309 Sane
565 2249 893 2308 nullatenus
919 2251 1405 2324 praetereundum
1441 2248 1686 2314 arbitror
1719 2250 2063 2311 miraculum
2091 2250 2235 2311 sani-
2258 2268 2334 2306 20
2537 2253 2538 2322 l

269 2344 418 2417 tatiS,
450 2344 610 2420 quod
637 2344 716 2404 ad
742 2342 935 2419 ipsum
962 2343 1327 2420 cymiterium
1356 2346 1471 2406 deo
1508 2347 1735 2407 dicatae
1772 2348 2234 2425 congregationis

268 2440 486 2498 sactum
512 2439 671 2499 idem
697 2437 927 2497 libellus
953 2441 1140 2501 refert.
1224 2451 1348 2500 erat
1383 2441 1602 2519 quippe
1638 2441 1702 2501 in
1740 2444 2008 2520 proximo
2035 2463 2235 2504 comes

270 2535 527 2610 quidam,
557 2532 718 2594 cuius
744 2552 892 2592 uxor
930 2533 1230 2611 ingruente
1268 2537 1456 2597 oculis
1491 2537 1738 2615 caligine
1775 2538 1969 2600 subita
2009 2549 2233 2600 tantum

267 2648 374 2705 per
419 2629 545 2689 dies
591 2629 798 2689 eadem
841 2629 1112 2689 molestia
1162 2634 1566 2694 crebrescente
1616 2646 1859 2710 grauata
1900 2646 2007 2709 est,
2050 2648 2115 2697 ut
2157 2656 2235 2696 ne

266 2725 567 2785 minimam
614 2726 855 2802 quidem
901 2726 1046 2786 lucis
1089 2727 1335 2787 alicuius
1376 2742 1575 2805 posset
1628 2732 1972 2809 particulam
2014 2732 2230 2793 uidere.
2264 2749 2335 2808 25

265 2820 379 2893 cui,
412 2822 555 2880 dum
589 2821 931 2897 aliquandiu
966 2822 1264 2883 caecitatis
1299 2824 1468 2885 huius
1500 2838 1677 2887 nocte
1717 2830 1916 2888 clausa
1954 2840 2232 2902 maneret,

265 2927 505 2993 repente
547 2918 710 2978 uenit
758 2918 822 2978 in
867 2929 1129 2978 mentem
1175 2918 1329 2995 quia,
1376 2920 1425 2980 si
1463 2922 1541 2981 ad
1582 2924 2000 2985 monasterium
2041 2925 2236 2984 delata

266 3014 555 3092 uirginum
595 3013 1124 3075 sanctimonialium
1168 3016 1244 3075 ad
1299 3015 1571 3094 reliquias
1618 3030 1951 3080 sanctorum
1988 3032 2231 3097 peteret,

519 3148 542 3179 ²
570 3156 616 3199 et
635 3165 723 3199 ms.
782 3150 830 3197 ei
847 3147 930 3197 0¹.
1515 3149 1558 3185 ¹⁷
1575 3151 1871 3217 fragrantia
1895 3152 1974 3205 C¹.

692 3279 698 3284 ,
800 3226 844 3259 ²⁸
877 3228 1138 3278 minimum
1164 3245 1250 3280 ms.
1295 3230 1555 3280 mim'mam
1580 3229 1661 3280 Cl-
