2567 3750
308 222 537 301 uomit]
626 277 633 283 .
805 232 1213 284 CUTHBERT
1256 231 1347 279 To
1394 226 1820 279 CUTHWJNE.
2180 221 2284 277 177

311 373 514 422 sancta
550 361 845 435 scriptura,
887 360 948 418 in
988 359 1203 435 quibus
1243 377 1355 417 nos
1395 377 1431 417 a
1471 375 1682 416 somno
1721 354 1951 415 animae
1991 368 2292 425 exsurgere

310 452 731 529 precogitando
764 451 1030 511 ultimam
1067 453 1272 512 horam
1311 452 1626 517 amonebat
1657 459 1716 509 et
1743 448 1804 507 in
1831 455 2029 505 nostra
2055 461 2293 520 quoque

311 547 523 622 lingua,
554 557 619 606 ut
660 557 783 606 erat
823 547 1034 606 doctus
1071 546 1133 604 in
1173 547 1385 606 nostris
1425 545 1794 616 carminibu8‚
1826 542 2028 602 dicens
2070 541 2146 600 de
2186 550 2295 597 ter-

311 642 461 700 ribili
488 642 645 701 exitu
673 641 1001 701 animarum
1030 662 1064 701 e
1092 661 1365 718 corpore:

251 771 281 829 5
872 749 1022 807 Fore
1063 748 1205 806 then
1245 747 1577 807 neidfaerae

869 843 1083 920 naenig
1121 843 1403 903 uiuurthit

870 940 1052 997 thone
1094 949 1386 997 snotturra

870 1035 1014 1092 than
1054 1032 1177 1093 him
1218 1035 1379 1093 tharf
1411 1033 1495 1093 sie

870 1141 948 1191 to
973 1132 1115 1207 ymb
1154 1131 1534 1207 hycggannae

214 1249 288 1287 10
871 1245 970 1285 aer
1001 1225 1098 1285 his
1138 1225 1242 1284 hin
1281 1225 1494 1302 iongae

871 1322 1050 1381 huaet
1088 1322 1178 1382 his
1219 1333 1417 1400 gastae

869 1418 1089 1493 godaes
1129 1419 1370 1479 aeththa
1406 1418 1594 1494 yflaes

871 1513 1051 1571 aefter
1090 1514 1461 1589 deothdaege

872 1608 1114 1668 doemid
1155 1610 1476 1668 uueorthae
1505 1652 1518 1665 .

216 1724 284 1782 15
315 1711 476 1784 quod
504 1710 585 1770 ita
611 1710 790 1771 latine
819 1724 1021 1771 sonat:
1069 1717 1083 1745 ‘
1104 1724 1240 1773 ante
1269 1712 1662 1772 necessarium
1699 1710 1915 1770 exitum
1956 1708 2298 1785 prudentior

314 1823 491 1882 quam
545 1825 694 1884 opus
748 1808 917 1866 fuerit
979 1827 1156 1868 nemo
1203 1809 1414 1882 existit,
1470 1810 1549 1868 ad
1596 1807 1974 1885 cogitandum
2022 1804 2297 1865 uidelicet

314 1916 630 1980 antequam
682 1904 822 1964 hinc
888 1906 1290 1981 proficiscatur
1341 1906 1554 1979 anima,
1611 1904 1757 1981 quid
1810 1904 1955 1962 boni
2008 1905 2105 1963 uel
2159 1902 2295 1960 mali

312 2001 508 2075 egerit,
566 2001 814 2078 qualiter
865 2013 1001 2078 post
1069 2003 1290 2062 exitum
1350 2002 1668 2062 iudicanda
1720 2000 1889 2060 fuerit
1908 2001 1938 2058 '.
2023 2002 2297 2059 cantabat

313 2094 488 2153 etiam
517 2096 867 2172 antiphonas
896 2097 974 2156 ob
1002 2109 1260 2157 nostram
1282 2097 1747 2157 consolationem
1775 2108 1833 2156 et
1861 2116 2026 2155 suam
2052 2116 2296 2172 quarum

212 2213 287 2252 20
314 2210 433 2250 una
472 2203 595 2252 est:
654 2198 669 2228 ‘
690 2213 728 2252 o
766 2213 867 2252 rex
901 2194 1136 2270 gloriae,
1168 2195 1411 2255 domine
1447 2194 1744 2266 uirtutum,
1775 2192 1879 2268 qui
1913 2193 2297 2269 triumphator

311 2284 491 2346 hodie
553 2306 726 2364 super
784 2309 993 2349 omnes
1047 2292 1207 2350 celos
1255 2290 1589 2362 ascendisti,
1634 2309 1710 2350 ne
1765 2288 2133 2365 derelinquas
2186 2308 2296 2348 nos

312 2380 623 2455 orphanos,
651 2402 840 2459 usque
867 2384 1141 2444 ueritatis,
1213 2385 1474 2445 alleluia'.
1545 2405 1682 2444 cum
1708 2384 1964 2444 uenisset
1993 2396 2189 2444 autem
2218 2386 2294 2443 ad

312 2474 458 2533 illud
479 2480 742 2551 uerbum,
769 2482 869 2539 ‘ne
896 2480 1268 2556 derelinquas
1290 2500 1401 2540 nos
1423 2479 1751 2556 orphan08‚’
1773 2479 2034 2557 prorupit
2054 2479 2115 2538 in
2136 2480 2297 2537 lacri-

311 2590 439 2629 mas
470 2584 531 2631 et
568 2575 816 2633 multum
853 2575 1047 2635 flebat.
1130 2587 1189 2636 et
1226 2588 1362 2652 post
1401 2579 1608 2635 horam
1647 2575 1803 2652 cepit
1844 2586 2103 2651 repetere
2144 2595 2295 2651 quae

209 2688 241 2726 2
250 2683 282 2743 5
311 2665 662 2728 incoauerat.
748 2680 806 2730 et
848 2670 932 2730 sic
974 2682 1101 2731 tota
1144 2670 1241 2731 die
1282 2672 1534 2732 faciebat
1572 2682 1631 2731 et
1679 2690 1789 2730 nos
1842 2670 2082 2747 quidem
2136 2670 2296 2729 audi-

311 2773 478 2824 entes
505 2765 654 2825 haec
692 2766 947 2826 luximus
989 2788 1127 2826 cum
1168 2768 1270 2827 illo
1314 2779 1372 2827 et
1412 2768 1721 2840 fleuimus3
1763 2769 1942 2826 altera
1988 2768 2119 2826 uice
2159 2768 2296 2843 legi-

309 2878 458 2931 mUS,
501 2861 681 2920 altera
722 2863 1098 2937 plorauimuS,
1144 2864 1329 2924 immo
1371 2883 1508 2923 cum
1554 2864 1694 2922 fletu
1740 2864 2002 2940 legimus,
2088 2862 2150 2921 in
2193 2862 2294 2920 tali

308 2955 504 3015 leticia
564 2958 1134 3035 quinquagesimales
1194 2960 1322 3020 dies
1378 2979 1566 3035 usque
1619 2959 1697 3018 ad
1752 2958 1911 3018 diem
1966 2959 2290 3033 praefatum

309 3052 677 3113 deduximus·
750 3066 811 3115 et
837 3055 935 3115 ille
962 3057 1212 3115 multum
1239 3054 1477 3132 gauisus
1505 3065 1592 3115 est
1621 3065 1679 3114 et
1707 3054 1823 3113 deo
1851 3052 2063 3129 gratias
2090 3053 2291 3111 refere-

207 3170 281 3227 30
307 3147 426 3220 bat,
457 3148 598 3224 quia
632 3150 716 3208 sic
741 3150 1049 3210 meruisset
1074 3150 1366 3210 infirmari.
1450 3159 1511 3210 et
1537 3168 1712 3226 saepe
1739 3149 1975 3208 dicebat
2003 3152 2019 3178 ‘
2041 3147 2295 3222 flagellat

306 3242 453 3303 deus
482 3262 722 3305 omnem
755 3246 940 3305 filium
979 3266 1159 3323 quem
1191 3245 1399 3321 recipit
1416 3246 1447 3320 ',
1477 3256 1537 3305 et
1565 3243 1936 3305 sentenciam
1963 3241 2292 3301 Ambrosii:

307 3340 461 3400 ‘non
492 3339 576 3399 sic
602 3339 739 3414 uixi,
770 3353 834 3401 ut
872 3362 970 3402 me
1004 3343 1225 3418 pudeat
1262 3342 1415 3399 inter
1451 3359 1560 3400 uos
1593 3339 1821 3411 uiuere3
1864 3337 1966 3396 sed
2001 3355 2113 3394 nec
2142 3336 2291 3394 mori

814 3444 965 3478 ¹⁶·‘18
996 3447 1177 3511 quod...
1175 3447 1340 3511 fuerit
1370 3454 1457 3494 not
1494 3446 1542 3491 in
1576 3454 1751 3492 ccmv.

457 3561 517 3602 Β.
2056 3556 2122 3592 12
