2567 3750
712 20 821 78 116
889 34 1371 89 MIRACULOUS
1396 37 1595 85 ‘RAIN
1615 37 1861 87 AFTER
1891 36 2093 85 LONG

706 173 765 225 et
794 163 1107 238 Burghelm
1135 174 1192 223 et
1222 164 1405 224 Oiddi
1433 176 1686 225 ceteram
1718 167 1953 241 plebem
1994 167 2091 224 uel

705 269 990 334 sequente
1014 259 1407 345 baptizabant.
1492 280 1665 337 porro
1701 262 1901 338 regina
1935 263 2093 321 nomi

706 354 763 411 id
795 365 882 414 est
911 356 1318 426 Huicciorum,
1337 358 1651 434 prouincia
1696 360 1883 418 fuerat
1917 359 2093 435 bapti:

703 447 824 508 filia
878 450 1139 517 Eanfridi
1191 452 1377 511 fratris
1431 453 1695 525 AEnheri,
1752 454 1852 529 qui
1906 456 2082 513 ambo

705 543 1020 604 Christiani
1050 548 1234 607 fuere.
1334 559 1592 607 ceterum
1633 559 1758 608 tota
1797 548 2093 625 prouincia

703 658 886 699 onum
915 641 1099 700 diuini
1127 643 1380 702 nominis
1408 654 1467 703 et
1493 645 1630 704 fidei
1658 656 1779 704 erat
1806 645 2018 721 ignara.

823 739 963 795 Erat
989 748 1186 796 autem
1212 739 1295 798 ibi
1330 742 1653 798 monachus
1687 741 1928 816 quidam
1962 742 2037 800 de
2073 761 2093 799 1

702 834 995 893 uocabulo
1050 834 1244 906 Dicul,
1313 836 1536 896 habens
1602 836 2077 896 monasteriolum

702 932 836 989 Ioco
879 929 980 1006 qui
1019 941 1264 990 uocatur
1304 933 1699 990 Bosanhamm
1740 933 1902 992 siluis
1944 944 2001 993 et
2042 954 2093 991 m

705 1039 764 1085 et
789 1026 852 1086 in
880 1046 954 1087 eo
988 1029 1189 1087 fratres
1215 1048 1256 1086 u
1284 1028 1410 1088 siue
1446 1028 1505 1087 ui
1545 1028 1608 1087 in
1648 1029 1853 1089 humili
1887 1041 1946 1089 et
1972 1049 2092 1106 paug

701 1125 1064 1183 famulantes
1169 1126 1276 1185 sed
1328 1125 1771 1200 prouincialium
1827 1127 2021 1184 nullus
2076 1146 2093 1185 ε

703 1220 982 1279 aemulari
1009 1223 1103 1280 uel
1130 1220 1629 1297 praedicationem
1657 1222 1900 1279 curabat
1927 1219 2092 1279 audir

825 1317 1252 1392 Euangelizans
1290 1327 1486 1376 autem
1517 1316 1679 1391 genti
1717 1315 2024 1391 episcopus
2062 1318 2093 1374 ἲ

705 1427 835 1467 eam
879 1412 956 1470 ab
995 1432 1276 1472 aerumna
1315 1422 1634 1489 perpetuae
1676 1411 2065 1471 damnationis

705 1503 949 1569 infanda
974 1510 1311 1586 temporalis
1350 1508 1615 1569 interitus
1649 1508 1871 1584 eripuit.
1954 1509 2093 1584 siqui

704 1616 844 1667 ante
869 1606 1193 1664 aduentum
1221 1604 1345 1665 eius
1372 1605 1435 1665 in
1474 1604 1836 1681 prouinciam
1873 1607 2035 1664 nulla
2070 1605 2093 1663 ij

705 1702 1010 1773 ceciderat,
1040 1702 1201 1761 unde
1229 1712 1289 1761 et
1315 1704 1499 1762 fames
1526 1701 1900 1761 acerbissima
1923 1704 2093 1777 plebe

706 1815 851 1858 nece
904 1798 1227 1873 prostrauit.
1314 1797 1568 1875 denique
1616 1799 1808 1858 ferunt
1855 1797 1992 1873 quia
2038 1817 2093 1857 sa

706 1898 725 1952 l
778 1894 1047 1956 homines
1098 1894 1298 1955 inedia
1349 1894 1625 1955 macerati
1677 1896 2063 1971 procederent

705 1989 945 2065 aliquod
972 1988 1096 2049 siue
1132 1990 1318 2065 ripam
1359 1989 1550 2062 mariS‚
1581 2001 1640 2050 et
1678 1989 1892 2050 iunctis
1929 1989 2093 2050 miser

706 2103 912 2143 omnes
965 2095 1065 2143 aut
1118 2084 1285 2143 ruina
1336 2084 1574 2160 perituri
1628 2097 1730 2145 aut
1784 2086 2056 2145 fluctibus

705 2181 926 2240 derent.
1011 2199 1213 2239 uerum
1252 2180 1384 2256 ipso
1426 2180 1539 2251 die,
1578 2200 1697 2256 quo
1724 2180 2015 2257 baptisma
2056 2183 2093 2239 fi

706 2280 820 2348 illa,
877 2278 1182 2338 descendit
1231 2277 1434 2354 pluuia
1487 2297 1691 2338 serena
1733 2279 1837 2337 sed
1886 2278 2092 2354 copios

705 2371 885 2432 rediit*
917 2372 1300 2432 uiridantibus
1341 2372 1495 2431 aruis
1547 2392 1735 2431 annus
1788 2374 1974 2433 laetus
2029 2383 2087 2432 et

704 2467 933 2528 abiecta
960 2468 1149 2544 prisca
1172 2467 1601 2543 superstitione,
1631 2470 1932 2528 exsufflata
1968 2467 2093 2530 idol2

705 2576 764 2624 et
791 2584 927 2625 caro
953 2564 1217 2625 omnium
1246 2566 1650 2625 exultauerunt
1683 2564 1745 2623 in
1779 2567 1954 2625 deum
1994 2564 2092 2624 uiu

705 2679 859 2731 eum,
890 2659 991 2735 qui
1018 2679 1192 2720 uerus
1219 2671 1308 2719 est
1335 2661 1496 2733 deuS,
1530 2670 1586 2719 et
1613 2658 1983 2719 interioribus
2010 2678 2073 2718 se

705 2756 814 2820 bus
840 2756 1076 2815 caelesti
1100 2755 1284 2832 gratia
1312 2756 1544 2820 ditasse.
1626 2774 1764 2813 nam
1803 2764 1862 2813 et
1888 2754 2093 2814 antiste

706 2850 1073 2931 prouinciam
1104 2863 1451 2927 tantamque
1480 2851 1561 2911 ibi
1588 2850 1757 2910 famis
1788 2871 2044 2927 poenam
2073 2873 2093 2911 ι

706 2945 990 3017 piscando
1017 2945 1241 3005 uictum
1268 2966 1565 3022 quaerere.
1648 2965 1907 3021 namque
1933 2965 2092 3005 mare

706 3037 962 3112 piscibus
1006 3041 1409 3114 abundabant,
1459 3044 1566 3101 sed
1607 3041 1874 3119 piscandi
1920 3040 2093 3119 periti.

833 3240 875 3272 ¹⁴
906 3257 1111 3291 erumna
1132 3258 1223 3294 ms.
1472 3243 1515 3280 ¹⁷
1546 3247 1848 3295 acervzksima
1869 3261 1959 3298 ms,
